2926 5168
1256 261 1320 335 ⁹8⁷

102 403 158 462 bia
176 406 361 465 curiositate
379 424 457 484 opus
478 424 542 467 non
557 411 607 466 est
620 411 695 483 post
710 407 868 469 Christum
882 411 1014 480 Jesron,
1036 427 1096 470 nec
1117 408 1320 492 inquisitione

102 510 406 587 oostEoonyeiium
421 508 459 591 ¹).
482 546 522 556 -
543 511 616 587 Quis
633 533 706 592 ergo
719 514 827 574 Putres
841 513 917 583 hos,
940 533 1028 592 quum
1044 517 1124 577 tales
1135 511 1207 588 sint,
1229 526 1318 596 atque

102 619 149 677 lta
165 620 320 688 sentiant,
338 617 409 692 jure
424 619 599 694 plutonismi
617 620 763 680 adeusare
782 619 913 681 audeat?

499 797 524 879 t.
547 793 611 868 tu.
634 794 936 869 continuatio.

193 963 347 1028 Patribus
369 965 526 1029 accedunt
546 965 779 1049 Martyres,
803 986 846 1031 ex
858 986 994 1053 quorum
1017 965 1223 1031 consessione
1241 977 1316 1031 ante

102 1080 250 1134 nortem
271 1081 366 1154 atque
388 1069 420 1133 in
442 1069 599 1152 martyrio
622 1071 707 1135 edita
728 1071 841 1156 procul
864 1070 959 1135 dubio
982 1092 1075 1156 quam
1106 1071 1318 1137 luculentissi-

102 1196 153 1240 ne
182 1174 403 1260 perspicitur,
433 1195 589 1260 quaenam
621 1175 719 1240 inerit
747 1175 828 1240 fides
849 1175 1027 1260 primorum
1050 1173 1318 1242 Christianorum.

102 1280 205 1367 ltqui
228 1281 305 1344 nihil
327 1292 378 1344 est
392 1280 611 1364 exploratius,
634 1300 727 1366 quam
751 1280 922 1347 confessos
945 1280 1047 1345 luisse
1068 1279 1242 1346 Christiani
1264 1303 1318 1346 no·

102 1386 203 1451 uinis
227 1385 364 1450 athletas
386 1384 509 1449 Christi
531 1384 729 1450 divinitatem
736 1432 749 1467 ‚
771 1397 940 1471 antequam
962 1407 1022 1470 pro
1053 1384 1185 1451 Christo
1209 1398 1317 1450 extre·

102 1514 152 1558 na
187 1503 383 1577 paterentur.
413 1491 469 1555 sic
499 1491 530 1555 in
562 1491 643 1556 actis
673 1491 840 1579 lgnatii
870 1490 1010 1579 legitur,
1039 1503 1209 1575 postquam
1242 1511 1314 1557 eum

102 1596 275 1680 Prajanus
295 1596 578 1684 interrogaverat:
604 1595 684 1670 Quis
705 1605 755 1658 est
779 1598 1073 1677 Phosphorus?
1095 1617 1167 1660 eum
1183 1617 1316 1681 respon·

104 1700 217 1764 disse:
243 1698 319 1773 Oui
341 1700 554 1764 Christum
576 1705 698 1762 natet
715 1704 758 1761 in
777 1707 942 1778 pertore
972 1737 1013 1748 —-
1048 1705 1136 1764 Unus
1158 1707 1243 1765 enim
1268 1711 1316 1764 est

103 1808 198 1868 Deus
204 1850 217 1885 ,
241 1809 294 1888 qui
304 1809 384 1884 ferit
402 1805 563 1866 coelumot
574 1811 710 1877 terrum,
734 1811 766 1864 et
783 1824 884 1879 more,
903 1813 933 1867 et
949 1810 1054 1869 omniu
1060 1851 1073 1886 ,
1097 1827 1178 1888 quoe
1191 1809 1226 1869 in
1239 1814 1317 1888 ipsis

107 1915 327 1983 eontinentur,
358 1917 452 1991 utque
475 1930 561 1971 unus
584 1916 634 1970 est
664 1910 856 1971 Christus
891 1916 1037 1982 Jesus,
1072 1914 1210 1974 Filius
1239 1913 1318 1973 Dei

106 2018 371 2092 unipenitus‚
392 2019 484 2088 onius
510 2033 609 2092 renuo
634 2017 755 2076 uunom
778 2018 893 2093 potior.
923 2052 962 2062 -
991 2014 1036 2078 Ilt
1061 2014 1194 2078 iterum:
1218 2016 1318 2078 Meros

110 2124 313 2182 Dominus
334 2127 374 2180 et
395 2120 503 2180 Deus
522 2125 654 2180 Jesus
677 2120 907 2194 Christus,
927 2120 1066 2202 primum
1086 2123 1309 2200 quidempro·

102 2237 173 2307 pter
187 2245 248 2287 nos
261 2230 351 2287 tonso
363 2227 477 2301 foetus
493 2231 560 2298 est,
582 2231 614 2286 et
631 2231 761 2302 propter
784 2231 926 2288 nostrum
945 2226 1082 2287 sulutem
1089 2270 1102 2305 ,
1124 2245 1315 2308 crucemque

105 2339 237 2394 mortem
266 2337 297 2391 et
324 2331 523 2408 sepulturam
551 2350 613 2390 suo
640 2338 750 2406 sponte
773 2333 893 2407 recepit
919 2329 958 2414 ²).
982 2363 1021 2377 —
1042 2328 1079 2392 ln
1097 2329 1179 2393 actis
1201 2330 1313 2412 Sym·
1354 2391 1356 2395 ,

104 2433 327 2518 phorosae
350 2443 392 2496 et
414 2442 579 2516 septem
611 2431 806 2496 liliorum
829 2433 925 2516 ejus
946 2453 973 2497 e.
997 2454 1026 2499 a.
1049 2439 1118 2502 tto.
1140 2437 1317 2520 respondet

104 2539 176 2624 ipsa
214 2539 395 2603 Hadriano:
417 2538 457 2602 Si
492 2560 552 2618 pro
592 2542 719 2600 nomine
752 2541 928 2610 Christi,
958 2541 1035 2601 Dei
1063 2549 1161 2613 mei,
1182 2547 1315 2603 insensu

102 2649 215 2724 fuero,
238 2646 313 2706 ilios
326 2645 495 2706 doemones
512 2651 583 2705 tuos
596 2647 701 2722 monis
720 2664 823 2706 euuro
845 2651 884 2720 ³).
907 2680 946 2691 —
968 2644 1005 2707 ln
1023 2643 1104 2708 actis
1127 2646 1189 2708 88.
1211 2644 1313 2708 Feli·

104 2748 256 2814 eitatis
279 2759 322 2811 et
343 2747 535 2811 liliorum
559 2748 675 2831 ejus,
705 2769 734 2816 a.
766 2753 834 2815 150.
863 2748 1105 2824 Martialis,
1137 2749 1221 2814 inter
1253 2747 1314 2813 hos

106 2866 183 2918 natu
205 2853 371 2928 minimus,
394 2853 443 2917 sie
456 2853 635 2938 respondet
649 2851 780 2917 Publio:
806 2859 940 2927 Omnes,
972 2861 1025 2937 qui
1037 2876 1101 2918 non
1117 2858 1318 2942 confitentur,¹

110 2959 274 3022 Oitristum
295 2980 435 3021 verum
457 2979 550 3020 esse
570 2959 698 3019 Deum
705 3003 717 3038 ,
739 2965 773 3019 in
792 2962 898 3037 ipnem
910 2966 1074 3021 oeternum
1088 2964 1252 3022 mittentur
1273 2967 1312 3033 ⁴).

109 3061 196 3124 -ln
213 3060 295 3125 actis
316 3061 494 3125 Achatii
516 3061 597 3125 haee
621 3072 732 3125 notatu
758 3061 854 3148 (ligna
869 3074 1057 3127 occurrunt:
1084 3063 1178 3138 Quoi
1192 3065 1313 3126 dinem

104 3188 231 3248 semper
249 3169 409 3246 optabam,
434 3166 550 3252 [inquit
572 3176 735 3250 praeses)
756 3180 887 3249 repente
900 3172 1072 3244 confessus
1095 3189 1145 3242 es,
1173 3189 1313 3230 errorem

106 3280 233 3335 vestroe
241 3277 464 3350 persuasionis
479 3280 510 3334 et
525 3273 616 3350 lepis.
626 3278 825 3352 Hebeterpo,
837 3281 873 3334 ut
887 3275 979 3352 diois,
1001 3274 1153 3334 Filium
1173 3271 1313 3336 Deus?

106 3378 463 3456 ResponditActtottus:
484 3380 626 3440 Habet.
637 3383 818 3441 Mortinnns
832 3383 896 3440 nit:
923 3376 1004 3451 (iuis
1012 3384 1063 3439 est
1077 3381 1103 3453 f
1107 3383 1119 3438 i
1125 3380 1205 3440 iius
1217 3380 1313 3440 Dei?

108 3484 286 3564 Respondit
300 3483 478 3546 Acholius:
505 3485 673 3546 Verbum
693 3488 899 3546 veritatis
920 3490 962 3545 et
977 3489 1151 3560 oratioe.
1174 3489 1311 3547 Montiu-

105 3610 168 3652 nns
183 3594 247 3650 oit:
269 3595 387 3651 Nomen
401 3591 550 3668 neptuno.
572 3595 605 3656 S.
629 3590 783 3651 Antistius
807 3591 998 3668 respondet:
1026 3593 1162 3650 Jesus-
1191 3589 1310 3653 Ciri-

108 3701 195 3757 stus
216 3703 357 3756 noratur.
381 3693 566 3756 Martianus
581 3698 648 3756 ait:
670 3701 727 3756 Ee
741 3715 822 3776 qun,
844 3697 912 3768 riis,
933 3714 1036 3756 tunore
1056 3702 1224 3774 conseptus
1241 3707 1291 3758 est
1297 3696 1313 3758 i

107 3799 285 3878 Respondit
309 3805 340 3861 S.
367 3798 536 3861 Aetolius.-
570 3834 609 3844 ·—
639 3799 780 3862 Filius
810 3800 888 3862 Dei
915 3799 1085 3862 Verium
1104 3805 1309 3881 ueritatis

106 3925 157 3968 en
177 3904 257 3967 Dei
277 3910 404 3966 corte
422 3902 878 3982 prooessit⁵].-lnactis
894 3900 1049 3985 ltpodii
1071 3923 1110 3968 ae
1130 3904 1311 3968 Alexan·

104 4006 170 4071 dri
199 4027 228 4074 c.
264 4029 291 4071 a.
314 4011 390 4075 tte:
430 4013 742 4088 Sempiternum
778 4029 851 4070 nero
882 4011 1099 4073 Dominum
1126 4019 1310 4075 nostrum

102 4175 354 4192 m*

140 4283 164 4346 ¹)
182 4287 224 4334 De
240 4285 399 4341 manserint.
419 4298 444 4332 n.
465 4287 482 4332 t
500 4300 520 4331 s.
541 4279 611 4347 Opp.
630 4279 665 4333 V.
687 4285 707 4332 1.
729 4296 756 4348 p.
776 4283 836 4335 303.

133 4365 156 4437 ²)
174 4377 236 4424 Act.
256 4374 323 4425 ΜΜ.
339 4376 408 4425 siste.
426 4372 494 4423 Ver.
515 4373 591 4424 1731.
610 4386 636 4436 p.
656 4373 696 4421 lit.

138 4455 506 4527 pnsmpmen

142 4547 424 4616 unampm

141 4633 533 4707 vnempmmt
