2926 5168
168 205 245 298 ,rou

182 367 345 437 negantes,
375 373 448 432 quas
476 355 526 412 via
553 356 723 432 negationis
756 356 943 430 obtinemus,
965 359 1084 416 nonnisi
1108 361 1312 421 affirmatione
1336 381 1385 421 cx·

182 466 258 542 pleri
283 461 334 535 0?
356 495 394 505 —
417 461 512 520 Porro
535 478 623 536 quum
639 463 736 520 Deum
758 461 902 520 duntaxat
924 465 1096 523 notionibus
1118 445 1247 526 erebus
1270 468 1386 527 creatis

182 569 326 628 mutuatis
356 567 513 644 cogitare,
542 575 629 642 atque
660 565 696 623 de
719 584 753 624 eo
776 566 930 627 disserere
958 570 1129 630 valeamus:
1160 581 1243 650 patet
1266 591 1385 632 omnem

183 684 319 734 nostram
347 673 405 730 Dei
437 671 639 748 cognitionem
671 688 738 729 esse
769 673 1022 749 analogicum
1051 686 1088 735 et
1118 679 1385 753 symbolicam,

184 790 272 856 atque
300 786 437 836 nostram
468 775 618 853 cogitandi
650 776 847 853 loquendique
878 780 1028 838 rationem
1058 782 1094 839 de
1127 785 1192 842 Deo
1224 800 1283 841 non
1317 801 1385 843 rara

184 905 253 945 esse
276 880 742 958 anthropopatheticam,
765 892 815 941 aut
839 885 929 941 etiam
951 884 1384 963 anthropomorphisti-

183 1009 282 1060 earn,
310 986 424 1066 quando
447 987 565 1044 seilicet
586 987 724 1044 notiones
747 996 798 1045 aut
819 988 1045 1064 designationes
1068 991 1105 1049 ab
1128 992 1306 1059 affectibus,
1338 999 1385 1050 aut

182 1098 270 1173 plane
292 1114 309 1154 a
332 1112 459 1170 corpore
480 1092 609 1150 humano
632 1101 800 1151 mutuamus
807 1111 817 1160 3
837 1092 981 1153 homines
1002 1096 1085 1154 enim
1105 1093 1288 1156 carnalibus
1310 1112 1385 1154 een·

182 1200 271 1259 sibus
293 1199 405 1270 dediti,
436 1207 469 1256 ut
498 1199 539 1255 ait
564 1198 823 1274 Fulgentius,
858 1201 954 1258 etiam
975 1200 1079 1277 ipsum
1099 1200 1204 1260 Deum
1225 1218 1292 1260 non
1310 1218 1385 1278 pos·

183 1310 268 1377 sunt,
291 1305 355 1362 nisi
377 1303 550 1363 carnaliter
572 1303 815 1380 809181νεῖ).-
834 1301 910 1376 Quin
939 1306 998 1362 imo
1020 1304 1092 1363 illud
1123 1323 1182 1364 non
1213 1315 1332 1364 tantum
1354 1305 1385 1364 de

184 1411 354 1488 cognitione
375 1411 433 1468 Dei
454 1426 508 1484 per
530 1409 677 1466 rationem
701 1409 788 1466 nohis
805 1410 1034 1469 subministrata
1055 1412 1146 1481 valet,
1170 1410 1331 1470 sedetiam
1353 1410 1385 1469 de

184 1517 357 1594 cognitione
373 1516 442 1582 Dei,
465 1532 551 1589 quam
569 1514 656 1571 nobis
672 1512 704 1592 S
722 1514 881 1590 Scriptura
899 1534 953 1573 seu
970 1515 1117 1574 revelatio
1136 1515 1237 1574 divina
1256 1516 1385 1577 exhibet.

183 1626 267 1682 Deus
286 1621 365 1680 enim
388 1621 535 1677 veritates
556 1619 721 1695 religiosas
739 1619 825 1676 nobis
840 1619 1051 1695 manifestans,
1074 1637 1108 1678 se
1130 1620 1165 1678 ad
1184 1629 1322 1680 nostram
1342 1638 1386 1680 co·

184 1727 301 1804 gitandi
325 1726 472 1783 rationem
495 1724 671 1792 demittere,
694 1731 781 1799 atque
806 1721 933 1782 humano
964 1743 1103 1783 sermone
1128 1725 1171 1782 uti
1197 1724 1304 1796 debet,
1336 1744 1389 1784 seu

185 1832 285 1901 Deus,
307 1839 339 1888 ut
362 1830 404 1888 ait
425 1829 622 1897 Hilarius,
645 1845 708 1887 non
726 1829 795 1901 sibi,
816 1829 878 1888 sed
894 1829 985 1889 nobis
1006 1835 1138 1899 locutus,
1161 1834 1193 1889 et
1211 1832 1247 1890 in
1267 1835 1391 1890 tuntum

185 1937 229 1996 ad
246 1935 487 2011 intelligentiam
501 1939 643 1992 nostram
665 1934 780 2014 eloquii
795 1937 848 1993 sui
871 1940 1055 2014 temperavit
1074 1952 1262 2012 sermonem,
1288 1954 1396 2016 quan·

184 2048 249 2102 tum
268 2038 534 2116 comprehendere
554 2039 599 2098 ad
615 2039 814 2100 sentiendum
831 2045 968 2100 naturae
983 2046 1113 2101 nostrae
1130 2042 1234 2118 possit
1250 2043 1395 2119 infirmi-

185 2154 235 2208 tas
250 2153 288 2220 ³).
315 2144 585 2218 Quemadmodum
600 2147 689 2215 enim,
707 2155 739 2205 ut
756 2148 888 2223 loquitur
908 2148 1127 2224 Gregorius
1141 2147 1261 2220 Nysa,
1278 2147 1406 2207 surdis

184 2254 287 2329 signis
310 2257 340 2310 et
357 2250 520 2327 pestibus,
543 2250 621 2330 quid
642 2269 737 2327 apere
757 2256 909 2322 debeant,
931 2252 1124 2323 indicamus,
1146 2268 1211 2310 non
1232 2255 1311 2328 quia
1330 2251 1412 2330 ipsi

184 2375 290 2418 vocem
308 2373 373 2415 nan
390 2358 579 2434 habeamus,
603 2373 673 2416 cum
694 2356 752 2415 hoc
763 2358 924 2435 facimus5
945 2356 1006 2416 sed
1023 2358 1099 2436 quia
1113 2360 1238 2416 omnino
1258 2359 1304 2417 sit
1328 2374 1417 2418 nara

185 2463 386 2524 audientibus
405 2457 547 2531 inutilis,
571 2478 652 2539 quae
664 2461 700 2539 pt
722 2461 825 2520 verbis
852 2466 1030 2522 enarratio:
1051 2462 1098 2520 sic
1114 2468 1234 2521 natura
1248 2462 1440 2523 hemanea

185 2587 256 2627 cnm
277 2568 321 2625 sit
339 2563 565 2644 quodammodo
584 2564 696 2637 surda,
719 2570 752 2623 et
762 2564 846 2624 nihil
857 2565 1021 2626 cacelsum
1041 2571 1073 2625 et
1092 2565 1258 2626 sublimius
1270 2566 1462 2638 audiat,-

185 2673 247 2732 Dai
267 2672 404 2746 qratiam
427 2668 577 2739 dicimus,
609 2669 820 2745 multifariam
842 2670 1013 2751 inultisque
1041 2672 1141 2731 modis
1166 2674 1201 2732 in
1222 2671 1350 2751 Prophe
1380 2695 1461 2725 :s

186 2778 373 2856 loquentem,
390 2792 449 2850 pro
466 2778 558 2848 captu
570 2779 678 2833 nostro
696 2780 730 2833 et
741 2775 913 2834 secundum
928 2778 972 2853 id,
990 2776 1076 2856 quod
1086 2776 1176 2836 nobis
1191 2782 1372 2838 estransue

186 2888 251 2941 tum
264 2886 296 2940 et
301 2879 480 2958 familiare,
496 2882 550 2938 SS.
566 2878 798 2956 Prophetarum
813 2879 942 2956 linquas
955 2882 1217 2958 conformantem,
1235 2861 1296 2959 per
1311 2880 1463 2943 haef*

186 3005 246 3046 nos
263 2992 307 3046 ad
319 2984 499 3045 sublimium
517 2985 722 3060 cognitionem
738 2985 824 3043 velut
836 3004 934 3044 manu
950 2986 1076 3056 ducere,
1098 3004 1164 3046 non
1185 3004 1259 3045 aero
1273 3005 1310 3046 se
1348 3016 1354 3032 r

187 3092 260 3151 dum
274 3108 367 3150 suam
381 3088 626 3165 magnitudinem
639 3093 671 3148 et
680 3090 898 3149 sublimitatem
912 3091 1086 3150 doctrinam
1093 3093 1218 3169 facere.
1231 3088 1366 3164 Quanta
1381 3117 1386 3145 r
1431 3103 1463 3126 ¹·

187 3201 269 3257 enim
284 3199 318 3255 in
335 3197 464 3273 eaipuo,
487 3196 572 3275 quod
586 3212 737 3271 magnum
755 3201 814 3273 est,
837 3195 1028 3274 caperetur?
1048 3196 1113 3255 Sed
1128 3198 1203 3273 quia
1219 3202 1263 3256 ad
1276 3198 1391 3275 purci-

187 3307 283 3363 tatem
298 3309 441 3360 nostram
462 3317 498 3359 se
518 3303 567 3359 cis
584 3299 691 3359 dicium
707 3299 840 3360 demittit
855 3303 894 3378 ⁴).
914 3304 1013 3377 Atque
1036 3301 1266 3378 Gregorius
1289 3304 1435 3365 aasz

191 3404 456 3480 Quemadmodum
478 3404 569 3466 nulla
589 3407 712 3465 ratione
730 3406 804 3480 fieri
820 3411 942 3484 potest,
964 3415 999 3466 ut
1021 3409 1197 3486 quispiam,
1222 3406 1380 3486 quamlibe

185 3529 334 3588 pressum
349 3516 477 3589 urgeat,
495 3510 640 3572 umbram
653 3528 746 3570 suam
760 3514 943 3586 praetereat
958 3513 1127 3590 (quantum
1142 3512 1224 3571 enim
1241 3531 1313 3572 eam
1334 3533 1390 3574 ae-

222 3697 249 3760 ι)
268 3698 309 3751 cf.
326 3698 481 3763 Dionys.
497 3703 538 3750 De
554 3705 628 3760 mast.
650 3701 773 3758 Thestor.
799 3713 824 3747 a.
851 3701 879 3749 2.
900 3696 969 3762 opp.
994 3697 1027 3749 T.
1050 3698 1077 3751 2.
1095 3711 1121 3763 p.
1139 3698 1173 3750 25
1190 3713 1214 3752 s.
1233 3725 1266 3736 -
1285 3705 1391 3753 Joau.

188 3791 406 3840 Damasceu.
425 3792 466 3839 De
484 3793 550 3839 ortt.
565 3791 610 3847 tia.
629 3791 647 3839 t.
665 3793 691 3838 1.
706 3803 730 3837 c.
746 3792 774 3840 4.
794 3785 863 3852 Opp.
882 3787 914 3839 T.
934 3788 958 3838 1.
976 3800 1000 3852 p.
1021 3787 1068 3838 127
1086 3802 1111 3840 s.

222 3872 245 3942 ²)
265 3880 340 3931 Cant.
354 3893 432 3929 serm.
449 3881 594 3930 Fecstidios.
612 3894 636 3929 a.
652 3884 681 3931 5.
699 3876 770 3943 Opp.
787 3892 815 3943 p.
832 3878 891 3928 315.

221 3960 247 4030 ³)
265 3973 306 4020 De
323 3971 417 4020 Trinit.
434 3973 452 4019 t.
468 3971 496 4019 8.
514 3985 541 4020 n.
558 3972 607 4020 43·
627 3966 695 4034 0pp.
716 3968 746 4018 T.
767 3969 793 4020 2.
812 3983 836 4019 c.
857 3969 914 4021 192.
933 3966 975 4019 Cf.
993 3966 1082 4018 Exod.
1100 3969 1143 4029 33,
1163 3969 1203 4019 18.
1221 3981 1263 4020 ss.
1282 3971 1305 4020 1.
1326 3968 1391 4022 Gor.

191 4060 232 4122 13,
251 4059 345 4109 9-12.
360 4084 394 4094 -
408 4059 431 4108 Τ
443 4058 644 4111 ertulliau.
663 4062 728 4110 Aac.
739 4059 870 4109 Marcion.
886 4063 906 4108 t.
925 4061 953 4108 2.
967 4073 993 4110 n.
1003 4061 1050 4109 27.
1067 4056 1135 4123 Opp.
1149 4057 1184 4108 V.
1194 4059 1221 4113 2.
1233 4068 1262 4123 pt
1272 4060 1332 4111 206.
1346 4060 1391 4126 qui

190 4149 243 4199 ait:
264 4153 348 4201 Deum
367 4165 418 4200 nan
433 4152 548 4208 potuisse
567 4155 694 4200 humanas
712 4163 868 4210 conpressus
886 4150 972 4208 inire,
997 4150 1050 4200 nisi
1067 4152 1195 4198 humanas
1213 4154 1240 4198 et
1256 4163 1352 4200 sensus
1369 4159 1393 4202 et

189 4243 304 4299 allectus
318 4240 484 4310 suscepisset,
494 4255 542 4298 per
559 4253 623 4302 quos
640 4241 693 4289 vim
710 4237 857 4296 maritumis
873 4253 949 4298 suae,
968 4239 1173 4289 intollerabilem
1191 4240 1282 4299 utique
1300 4243 1391 4290 huma·

191 4345 241 4382 nere
259 4331 449 4391 mediocritati,
468 4331 617 4380 humilitate
636 4336 821 4392 temperasset,
839 4330 891 4379 sibi
911 4331 1016 4392 quidem
1035 4330 1162 4389 tatiana,
1186 4329 1391 4380 bomini'auten

190 4421 344 4472 necessaria
351 4436 362 4484 ,-
381 4427 407 4470 et
423 4422 461 4469 ita
474 4419 533 4479 iam
551 4422 609 4470 Dea
627 4421 724 4480 diana,
743 4420 806 4482 quia
824 4420 893 4469 nibil
910 4426 964 4469 tam
991 4422 1049 4469 Deo
1067 4421 1191 4479 alianum,
1217 4430 1297 4480 quam
1319 4422 1390 4469 ratur

191 4512 313 4564 hominis.
324 4507 498 4572 -Cyrill
517 4506 616 4561 Alex.
635 4512 763 4560 Thesaur.
781 4512 882 4561 Arsen.
901 4511 951 4559 81.
968 4506 1038 4575 Opp.
1056 4509 1090 4559 Τ.
1105 4509 1132 4560 5.
1149 4504 1181 4557 P.
1197 4509 1222 4559 1.
1239 4520 1265 4572 p.
1282 4508 1341 4562 261.
1357 4507 1389 4560 ll.

224 4597 249 4665 t)
268 4600 344 4653 Cant.
361 4603 476 4653 Eunom.
494 4604 514 4654 t.
533 4602 581 4653 12.
600 4597 671 4665 opp.
690 4597 734 4655 ed.
751 4597 816 4654 Par.
837 4598 911 4650 1688.
931 4599 963 4650 Τ.
981 4599 1007 4648 2.
1025 4611 1051 4664 p.
1069 4598 1127 4648 itt.
