2926 5168
90 363 331 442 pauperisailua
340 358 471 431 otissa,
482 359 760 422 cadurcum
771 359 958 438 spirituales
973 361 1090 426 deuito
1104 368 1136 422 el
1147 367 1303 441 passione

95 467 228 539 Olarisli,
240 467 383 528 Medulla
406 468 545 541 animae,
561 486 620 526 seu
638 467 678 526 de
694 472 894 546 perfectione
907 469 1047 527 omnium
1061 471 1211 528 uirtutum
1219 514 1232 546 ,
1254 469 1304 530 De

94 572 690 651 decaocoecitatilusetquotuordecim
702 572 865 633 radicibus
874 574 1113 650 diviniamoris,
1126 572 1177 633 De
1191 593 1304 634 mess

97 677 233 755 rupibus
241 683 310 738 sice
316 677 472 753 pratillus
485 675 692 737 Christianae
696 680 919 755 perfectionis,
935 677 1157 738 institutiones
1176 679 1304 741 daim

94 783 138 842 od
143 785 295 842 unionem
306 779 447 843 cumlleo
454 799 515 858 per
523 782 705 857 spirituales
715 783 961 842 coercitationes
968 784 1173 863 virtutesque,
1186 779 1304 854 etalia3

93 883 304 949 Hearicus
334 883 544 946 Amandus
567 883 673 946 Susa
684 929 696 963 ,
727 882 1003 957 Constantiensis,
1027 883 1158 949 Ordinis
1177 885 1306 950 Praedi-

93 1003 253 1063 catorum,
275 990 482 1066 Horolopiuos
496 990 621 1048 divinas
635 992 815 1066 sapientiae
823 1034 835 1068 ,
863 990 1032 1052 l'ructatus
1045 993 1084 1050 de
1099 999 1217 1070 septem
1243 1012 1304 1055 ru·

91 1098 201 1173 pilius,
241 1095 375 1158 Centum
412 1097 632 1159 meditationes
669 1098 708 1157 de
739 1101 892 1174 passione
922 1096 1069 1178 Domini3
1108 1095 1245 1159 Joann
1259 1117 1306 1161 es

93 1200 151 1264 Ru
160 1200 171 1263 i
181 1201 253 1264 sbr
265 1221 284 1264 o
297 1198 362 1273 ek,
385 1207 517 1261 Summa
530 1206 627 1263 totius
642 1206 725 1263 vitoe
739 1203 936 1278 spiritualis,
963 1201 1134 1263 l'raotutus
1143 1202 1308 1281 deceptam

93 1307 245 1366 cristodiis
252 1350 264 1384 ,
289 1310 340 1366 Tr.
357 1313 395 1366 de
408 1318 530 1384 septem
541 1309 696 1384 prolibus
713 1311 849 1378 amoris,
871 1306 1045 1384 Speculum
1061 1309 1179 1368 salutis
1206 1315 1306 1369 ouer·

95 1431 179 1489 nae,
205 1415 257 1471 l'r.
282 1413 322 1471 de
345 1432 422 1472 aera
448 1417 730 1492 contemplatione;
761 1408 1056 1473 Bernardinus
1079 1410 1306 1485 Senensis,

96 1517 142 1576 lle
166 1517 415 1594 aspirationibus
442 1521 637 1597 quotidianis
655 1520 700 1578 ad
717 1520 840 1589 Deum,
856 1517 907 1576 De
928 1520 1043 1595 triplici
1066 1523 1153 1578 statu
1172 1521 1308 1590 mimae,

96 1620 141 1680 lle
154 1619 277 1698 triplici
296 1641 405 1682 amore
421 1620 591 1696 Maporum
597 1667 609 1699 ,
631 1624 682 1682 De
694 1623 809 1700 triplici
829 1620 953 1682 Christi
969 1622 1097 1683 Domini
1119 1626 1304 1695 nativitate,

95 1725 143 1784 lle
164 1728 268 1785 tritus
297 1732 462 1787 tormentis
481 1716 704 1806 peccatorum,
733 1728 784 1786 De
807 1727 971 1787 mundana
1001 1732 1236 1808 prosperitate,
1257 1729 1308 1789 De

92 1832 390 1910 pupuacpirituali,
416 1832 681 1911 Deomorellei5
710 1829 978 1893 Laurentius
1010 1830 1304 1906 lastinianus,

95 1935 141 1994 De
155 1935 326 2012 disciplina
348 1942 379 1995 et
396 1939 556 2014 spirituali
569 1941 775 2015 perfectione,
798 1938 849 1997 De
867 1944 954 1997 custo
980 1943 1135 1998 connuhio
1160 1940 1256 2023 Verbi
1278 1945 1310 1999 el

95 2043 239 2110 animae,
266 2039 318 2099 De
349 2043 495 2100 interiori
528 2044 693 2121 conflictu,
723 2043 775 2102 De
797 2045 861 2101 cita
886 2042 1054 2121 solitaria,
1076 2042 1127 2103 Dc
1151 2050 1308 2103 contemtu

94 2143 201 2202 muudi
209 2187 222 2220 ,
243 2143 294 2202 De
307 2146 469 2221 spirituali
486 2149 617 2206 interitu
632 2151 760 2206 animae
767 2190 780 2225 ,
803 2153 836 2206 et
864 2148 903 2204 de
926 2150 1054 2207 animae
1069 2152 1308 2209 resurrectione

94 2248 271 2326 spirituaii,
293 2249 343 2308 lle
354 2250 510 2324 proditus
521 2255 730 2329 perfectionis
733 2272 749 2329 ,·
771 2248 805 2311 Τ
815 2249 833 2311 h
845 2270 865 2312 o
879 2270 962 2312 mas
984 2251 1015 2313 H
1027 2272 1045 2313 a
1055 2271 1073 2313 e
1083 2272 1112 2313 m
1121 2251 1234 2315 mark
1245 2271 1264 2314 e
1276 2273 1306 2325 u,

95 2350 199 2414 aloco
221 2350 317 2413 natali
340 2352 552 2416 communiter
573 2374 592 2416 a
613 2353 796 2436 Kempis
820 2353 943 2429 dictus,
968 2355 1021 2441 qui
1041 2356 1180 2419 maxime
1209 2355 1306 2420 incla-

94 2455 155 2519 ruit
173 2455 277 2518 libello
301 2457 350 2517 lie
362 2462 539 2520 imitatione
557 2461 697 2533 Christi,
721 2457 772 2544 qui
791 2469 941 2547 quantum
964 2462 1191 2546 plerorumque
1215 2460 1306 2526 Chri-

94 2561 270 2624 stianornm
288 2562 393 2625 animo
409 2575 586 2649 congruat,
610 2566 755 2649 ejusdem
771 2563 802 2628 in
825 2584 941 2627 omnes
961 2565 1154 2650 Europaeos
1171 2577 1205 2629 et
1229 2586 1305 2630 non·

93 2666 195 2729 nullas
213 2665 375 2730 Asiaticas
395 2667 522 2753 linguas
544 2671 783 2744 translationes,
803 2679 836 2732 et
851 2668 988 2732 iteratae
1014 2691 1116 2754 usque
1131 2671 1171 2734 ad
1194 2690 1306 2735 reeen-

97 2770 219 2835 tissima
238 2782 387 2856 tempora
406 2773 564 2837 editiones
582 2785 751 2837 testantur.

184 2875 359 2942 Caeterum
379 2897 442 2942 non
459 2877 665 2964 cogitandum
682 2891 742 2951 est,
765 2899 804 2942 ac
820 2879 848 2943 si
871 2882 977 2944 medio
992 2901 1074 2944 aevo
1094 2881 1260 2969 Theologi
1274 2882 1305 2946 in

98 2982 277 3046 excolenda
292 2981 458 3066 disciplina
476 3003 533 3063 per
551 2985 759 3046 adversarios
783 2983 949 3070 religionis
975 2985 1181 3057 Catholicae,
1213 2987 1305 3070 cujus

99 3087 319 3152 defensionem
332 3089 500 3172 suscipere
511 3100 622 3153 contra
631 3089 926 3170 illoscogebantur,
939 3090 1094 3154 retardati
1105 3112 1168 3154 non
1179 3091 1305 3155 luerint.

93 3193 144 3255 Ad
159 3191 306 3276 antiquos
321 3192 405 3256 enim
419 3192 595 3257 Christiani
608 3193 746 3258 nominis
765 3196 888 3269 hostes,
914 3195 1079 3269 Gentiles,
1110 3196 1255 3261 ludaeos
1273 3208 1306 3259 et
1354 3221 1358 3229 ·

91 3298 363 3367 Muhamedanos,
397 3309 492 3381 atque
516 3298 701 3362 haereticos
733 3300 891 3385 antiquos,
910 3313 1120 3366 accesserunt
1141 3301 1299 3365 haeretici

88 3421 209 3466 recens
228 3401 350 3472 exorti,
382 3401 426 3464 uti
441 3402 637 3472 Pauliciani.
668 3403 948 3480 Priscillianistae,
978 3405 1161 3491 Bogomili,
1193 3405 1304 3471 Petro·

89 3506 252 3580 brusiani,
276 3506 424 3580 Cathsri,
455 3507 671 3594 albigenses,
695 3507 918 3586 Waldenses,
941 3508 1165 3584 Wiclellitae,
1186 3510 1301 3574 Hassi-

90 3626 159 3686 tae,
184 3611 298 3676 etalii.
320 3611 443 3676 Verum
460 3625 576 3677 cotnra
597 3612 747 3678 Gentiles
763 3615 891 3679 nonnisi
913 3598 1109 3706 paucissima
1133 3626 1209 3678 sunt
1228 3635 1303 3678 exa·

88 3730 160 3782 rata
174 3738 292 3801 opera,
316 3717 468 3807 pauciora
483 3718 580 3782 etiam
601 3730 714 3783 contra
734 3720 879 3783 ludaeos
896 3732 930 3783 et
940 3722 1216 3795 Muhamedanos,
1239 3720 1301 3784 lre-

89 3822 258 3907 quentiora
273 3832 382 3885 tamen
399 3833 510 3886 contra
525 3823 719 3890 haereticos.
751 3825 970 3910 Argumenta,
1002 3826 1114 3910 quihus
1143 3827 1303 3913 pugnaba-

92 3939 163 4002 tur,
186 3948 247 4010 pro
265 3925 453 3990 diversitate
482 3927 764 3999 adversariorum,
787 3928 903 4011 partim
930 3930 1093 3994 eratione
1122 3951 1181 3994 seu
1203 3932 1302 4015 philo·

92 4032 220 4116 sophin,
245 4030 358 4114 partim
382 4051 400 4094 e
424 4033 458 4096 S.
482 4032 651 4116 Scriptura
670 4043 703 4095 et
718 4032 912 4098 Traditione
926 4034 1205 4119 depromebantur.
1222 4035 1302 4102 Cae·

97 4151 194 4202 terum
213 4135 298 4200 inter
314 4136 499 4201 Polemicos
517 4137 568 4200 alii
584 4158 683 4222 opera
698 4118 757 4201 sua
770 4149 882 4200 eontra
904 4158 1016 4202 omnes
1037 4140 1084 4203 rei
1111 4139 1300 4223 Catholicae

97 4241 218 4315 instes,
251 4251 306 4304 aut
330 4243 445 4304 saltem
469 4244 575 4325 plures
600 4243 805 4316 direxerunt,
829 4243 882 4306 alii
905 4263 985 4307 vero
999 4257 1113 4308 contra
1135 4266 1231 4308 unum
1250 4246 1302 4308 vel

98 4362 212 4423 paucos
231 4342 346 4409 aflines
373 4344 584 4430 scripserunt.
607 4348 658 4410 Ad
688 4346 816 4430 priores
839 4347 1015 4429 pertinent:
1046 4349 1302 4434 Euthymios
1335 4386 1338 4391 ·

88 4447 170 4537 Zig
183 4471 202 4514 a
213 4451 233 4513 b
245 4471 262 4512 e
272 4471 292 4511 n
301 4472 321 4513 u
332 4471 369 4524 s,
392 4452 484 4532 cujus
499 4463 551 4514 est
566 4452 748 4514 Armorum
766 4453 975 4529 doponaticum
1001 4458 1198 4518 orthodoxae
1210 4458 1301 4534 fidei,

70 4546 117 4612 in
132 4555 248 4642 viginti
264 4568 398 4640 quatuor
415 4557 539 4620 classes
561 4555 714 4626 divisum,
743 4567 776 4619 et
796 4555 974 4621 Nicetes
996 4559 1298 4632 acominatus,
