2926 5168
152 270 215 341 28²1

151 430 260 492 tudine
276 430 470 508 medestae&
490 427 644 491 oietlilem
660 445 736 487 cero
752 425 872 487 Filium
889 442 1141 505 capturcensis,
1160 445 1221 506 pto
1248 426 1354 489 modu·

151 531 182 592 lo
202 537 422 594 derivationis:
443 537 596 597 sicutmeo
615 532 715 594 colem
739 536 831 592 molto
849 533 1056 608 corslemplari
1079 531 1173 604 lieet,
1204 537 1356 614 quantem

152 638 196 698 ol
210 641 312 718 ipsam
325 641 524 701 substantioe
541 656 696 699 summam
704 681 717 714 ,
739 655 822 715 poene
840 642 889 696 est
905 637 940 695 in
956 637 1076 714 ocelle,
1097 637 1227 697 rudium
1252 646 1356 699 meten

151 745 221 817 eiua
238 744 410 805 toleramus
425 744 524 805 oculto
547 763 607 822 pro
634 748 849 820 temperatura
875 745 1046 820 portionis,
1076 748 1211 822 quaein
1239 748 1357 804 terrum

150 849 225 910 inde
245 851 423 928 porriotlur
455 856 492 923 ¹).
524 845 566 909 [lt
595 850 744 908 inferius:
776 847 945 908 Caeterum
971 846 1066 927 quoio
1093 852 1162 925 eet,
1194 853 1233 908 ul
1266 848 1356 910 neos

151 956 346 1032 omnipotens
367 960 421 1016 ille
442 955 628 1031 invisibilis,
657 972 750 1034 quem
776 973 869 1014 nemo
882 953 960 1013 vidit
980 953 1150 1026 lominum
1173 971 1234 1014 nec
1249 955 1357 1014 uidere

147 1063 272 1137 polect‚·
294 1058 366 1138 tlte,
389 1061 444 1141 qui
459 1059 693 1121 tnaeceet'ls'lem
713 1059 816 1118 locem
838 1057 978 1118 totttm:
999 1057 1071 1132 tlte,
1094 1061 1149 1137 qui
1176 1077 1243 1119 non
1268 1058 1356 1120 tatt-

85 1244 87 1250 .
151 1166 198 1223 tal
215 1164 251 1224 in
272 1168 509 1242 manufactis:
532 1185 553 1224 a
573 1165 667 1239 cujus
683 1168 953 1239 eonspectolerra
976 1164 1206 1234 contremiscit,
1233 1169 1356 1225 montes

149 1265 346 1348 liquescunt,
368 1276 406 1331 ml
417 1289 512 1331 cero:
536 1272 591 1350 pul
607 1274 704 1330 tolum
716 1268 821 1327 erlem
838 1286 936 1327 manu
949 1267 1172 1346 apprehendit,
1192 1266 1282 1328 mmo
1302 1269 1355 1328 οἱ·

149 1371 223 1433 dum
231 1415 244 1451 ,
267 1375 319 1434 oui
334 1375 454 1436 coelum
469 1375 605 1436 lltronoe
613 1417 625 1452 ,
648 1378 679 1434 el
694 1381 782 1434 terro
794 1372 983 1434 scabellum:
1003 1375 1041 1434 im
1054 1393 1117 1452 quo
1134 1375 1239 1436 omnic
1255 1372 1353 1445 neas,

147 1494 212 1536 non
225 1482 293 1555 ipse
306 1479 341 1538 in
359 1478 444 1549 loce,
467 1481 523 1559 qui
539 1478 760 1538 universitatis
775 1481 921 1538 extremo
935 1476 1023 1538 linea
1041 1483 1113 1555 σοί)
1139 1479 1193 1540 nte
1216 1474 1353 1541 Atecot-

147 1600 218 1643 muo
233 1585 270 1643 in
284 1584 437 1659 paradiso
454 1590 499 1645 od
513 1600 679 1662 uesperam
695 1581 958 1655 deambulaverit,
982 1601 1141 1664 quaerens
1154 1580 1281 1664 Adum3
1297 1588 1352 1643 eto.

147 1719 186 1732 -
211 1684 397 1762 lpnoranlee
415 1689 516 1758 enim,
539 1706 560 1747 o
578 1686 751 1763 primordio
770 1704 892 1747 omnem
905 1687 1050 1748 ordinem
1066 1690 1191 1749 dioneae
1213 1688 1352 1766 ἀίοροοὶ-

146 1794 240 1852 tlom's
254 1812 314 1870 per
330 1792 447 1853 Filium
465 1791 667 1861 decurrisse,
689 1796 793 1867 ipsum
817 1791 952 1853 credunt
972 1797 1099 1854 Patrem
1126 1797 1158 1854 el
1181 1795 1356 1877 dirumpet
1461 1831 1462 1835 =

146 1915 365 1974 conpressum,
388 1901 419 1956 el
435 1902 608 1975 operatum,
631 1903 665 1956 et
677 1899 761 1956 oillm
787 1900 817 1956 et
824 1902 961 1957 esuriem
977 1916 1109 1974 patmon
1114 1917 1129 1973 ,·
1151 1903 1183 1957 et
1196 1901 1244 1957 ila
1256 1915 1354 1958 enum
1454 1919 1457 1923 ¹

146 2002 250 2063 Deum
264 1993 521 2080 comperegrino,
544 2003 580 2062 id
596 2009 646 2064 eet
664 2008 800 2074 Patrem,
823 2021 905 2082 quoe
920 2022 980 2079 per
996 2002 1117 2063 dilium
1124 2007 1219 2078 peste
1231 2007 1352 2072 some).
1408 2040 1462 2056 -·

149 2108 677 2170 SimiliahobcntdustinusM.
700 2115 740 2183 3).
761 2110 1014 2168 Noratianus
1043 2110 1072 2185 4)
1103 2116 1133 2168 et
1155 2106 1352 2183 Theophi·
1405 2129 1461 2145 -

145 2214 208 2272 lus
229 2214 415 2278 Antioch.
442 2212 476 2294 ὅ).
508 2216 633 2274 Interim
659 2225 759 2275 tamen
782 2215 922 2275 videntur
940 2206 1050 2272 Patres
1065 2212 1097 2272 hi
1112 2214 1142 2272 in
1157 2228 1267 2289 perum
1286 2229 1351 2271 cen·
1408 2234 1459 2249 -

146 2326 194 2376 tas
212 2319 241 2376 id
257 2337 354 2396 genus
373 2321 545 2379 locutiones
563 2322 726 2392 incidisse,
751 2320 948 2381 similitudine
966 2318 1044 2378 solis
1054 2317 1123 2396 ,ed
1139 2336 1230 2395 quem
1247 2317 1352 2394 ubique
1398 2327 1459 2366 z

145 2433 306 2482 recurrunt
325 2425 459 2502 decepti,
482 2444 517 2485 ac
531 2427 625 2486 nimio
638 2427 738 2485 studio
753 2425 980 2486 contradicendi
1006 2423 1192 2482 adversariis
1216 2423 1352 2498 abrepti,
1393 2454 1457 2479 .-

146 2529 196 2605 qui
216 2529 373 2603 perfracte
388 2529 556 2608 negabant',
579 2526 725 2610 distingui
746 2533 775 2590 in
795 2531 904 2592 divinis
925 2532 1052 2589 al’otre
1066 2528 1186 2591 Filium.
1219 2523 1351 2604 Quapro·
1399 2546 1455 2562 ···

146 2640 214 2709 pter
229 2634 288 2709 ipsi
304 2642 420 2691 tantum
437 2634 466 2691 id
484 2636 674 2711 potissimum
690 2636 865 2712 significare
878 2636 1014 2693 voluisse
1031 2631 1148 2693 dicendi
1160 2639 1242 2700 sunt,
1265 2648 1351 2708 appa·
1395 2650 1453 2667 -·

145 2738 274 2797 ritioncs
293 2739 379 2808 illos,
402 2758 476 2816 quas
501 2744 749 2817 praeparationes
776 2741 933 2817 quaepiam
961 2741 1013 2818 τῆς
1029 2728 1261 2815 &commoror
1275 2736 1350 2795 Ver·
1402 2754 1450 2770 -

144 2842 175 2900 bi
196 2841 327 2912 habent,
351 2842 386 2902 ad
404 2843 573 2922 οἰκονομίαν
590 2847 720 2917 referri,
750 2865 825 2924 quae
852 2847 935 2904 nullo
967 2845 1055 2905 modo
1079 2843 1184 2915 Petri,
1216 2842 1271 2903 sed
1293 2841 1350 2905 soli
1390 2830 1448 2892 Ξ

144 2948 221 3005 Filio
239 2950 408 3010 conveniat.
430 2951 496 3008 Non
517 2959 617 3014 autern
632 2950 717 3011 hisce
737 2952 846 3011 Patres
862 2952 932 3011 illos
948 2951 1135 3011 divinitatem
1151 2951 1222 3010 Filii
1237 2969 1349 3031 negare
1385 2961 1445 3001 έ

144 3053 296 3123 voluisse,
319 3073 358 3113 ex
374 3055 454 3114 locis
473 3073 565 3132 supra
578 3053 707 3117 laudatis
723 3065 815 3134 patet,
838 3059 898 3126 ubi,
923 3057 1009 3117 illum
1027 3074 1134 3116 verum
1151 3059 1251 3118 Deum
1271 3074 1348 3124 esse,
1393 3091 1439 3114 ⁶

144 3177 205 3218 non
235 3167 351 3217 tantum
382 3161 563 3220 clarissimis
595 3163 698 3222 verbis
726 3163 851 3234 docent,
880 3161 934 3222 scd
954 3172 984 3222 et
999 3162 1076 3222 hanc
1091 3163 1255 3223 veritatem
1271 3164 1347 3223 iuter
1368 3175 1435 3193 ⁴·

145 3263 292 3322 articulos
307 3263 380 3331 *fidei
396 3266 426 3324 in
443 3265 597 3341 Symbolis
615 3268 679 3325 suis
703 3267 841 3326 referunt
863 3264 899 3343 ο).
921 3264 1005 3340 Quod
1037 3269 1178 3346 inprimis
1200 3265 1240 3329 de
1259 3268 1427 3326 ‘fer—

145 3370 341 3440 tullieno,
363 3371 413 3446 qni
436 3372 586 3430 incautior
614 3373 752 3432 omnihus
768 3373 895 3450 reliquis
914 3375 1057 3452 scripsit,
1078 3374 1178 3444 valet,
1201 3367 1252 3452 qui
1265 3389 1420 3451 prse—

144 3483 301 3552 tersopra
322 3487 577 3548 commemorata,
609 3478 788 3547 identidem,
818 3479 926 3537 Filium
956 3497 1087 3539 verum
1113 3479 1256 3545 Deum,
1285 3475 1409 3533 rs—

144 3581 282 3657 trique
305 3582 710 3643 consubstantialem
733 3602 838 3654 esse,
862 3583 967 3654 trudit,
990 3602 1079 3660 quum
1097 3600 1164 3661 eg.
1186 3583 1244 3642 sit:
1264 3577 1396 3642 Non

149 3685 299 3744 minori
325 3703 369 3743 se
399 3684 532 3746 tradidit
554 3686 640 3747 It'tlio
667 3689 815 3758 Creator,
845 3707 929 3765 puae
949 3706 1007 3764 per
1030 3704 1102 3746 eum
1116 3684 1272 3757 condicit,
1287 3700 1383 3762 per

144 3792 327 3850 Sermonem
340 3790 568 3853 mmmcmlicet
588 3799 628 3866 ⁷),
651 3791 797 3855 Sermo
818 3792 931 3853 Deus
959 3822 1000 3835 -
1021 3807 1086 3850 non
1105 3791 1254 3869 replerent
1272 3785 1363 3848 eei-

177 4039 258 4108 1)1o.
277 4059 303 4094 a.
323 4047 371 4093 14.
389 4055 416 4108 p.
436 4043 497 4096 tte.

175 4129 200 4194 ⁸)
220 4134 256 4182 lo.
275 4149 301 4183 n.
321 4136 368 4183 lli.
385 4146 413 4198 p.
430 4133 481 4185 422
499 4147 524 4185 e.

175 4217 200 4286 ³)
220 4224 295 4273 υἱοὶ.
312 4237 336 4271 c.
358 4225 452 4284 frunt.
464 4240 492 4277 n.
513 4227 583 4276 121.
602 4220 673 4289 Opp.
692 4236 720 4288 p.
735 4224 786 4276 232
800 4238 826 4276 s.

176 4306 202 4373 ⁴)
220 4314 262 4363 ite
281 4313 374 4363 l'rtnit
393 4327 419 4363 c.
440 4316 488 4363 18.
504 4311 536 4362 ln
555 4309 731 4364 Gallond.
751 4315 823 4365 Biol.
841 4317 897 4367 1³1².
916 4313 948 4364 Τ.
967 4314 993 4366 3.
1010 4326 1038 4379 p.
1055 4315 1116 4368 3⁰0.
1134 4328 1162 4369 c.
1179 4317 1197 4367 2
1214 4329 1241 4369 s.

176 4395 199 4461 5)
218 4404 261 4452 Ad
279 4404 368 4453 estol.
387 4403 406 4454 1.
426 4405 453 4456 2.
472 4419 498 4455 ο.
517 4406 565 4454 22.
586 4401 655 4467 Opp.
675 4401 816 4456 lustin.
835 4417 862 4468 p.
879 4405 940 4456 389.

176 4479 200 4551 ⁶)
219 4489 259 4540 cf.
277 4488 375 4541 lren.
393 4487 413 4542 1.
432 4503 457 4540 s.
477 4503 503 4543 c.
522 4517 556 4530 -
570 4488 732 4541 'l'crtulh
752 4495 792 4543 De
807 4509 926 4550 praescr.
944 4511 970 4548 o.
991 4500 1040 4548 13.
1058 4499 1087 4548 et
1104 4499 1148 4553 lle
1166 4502 1233 4572 σᾶν).
1249 4501 1290 4553 ott.
1304 4507 1320 4545 t·

143 4582 172 4628 1.
190 4591 216 4630 s.
235 4590 277 4632 ott.

180 4664 204 4748 7)
224 4671 291 4722 Ado.
310 4670 442 4725 Marcion.
461 4676 478 4724 l.
496 4675 526 4735 4·
545 4688 570 4724 tt.
590 4674 638 4733 25,
656 4671 692 4725 V·
711 4673 737 4725 2·
755 4687 783 4755 p·
799 4674 860 4740 302)

1446 4409 1459 4456 l

1427 4484 1454 4542 ἓ1

1437 4584 1450 4623 r

1436 4742 1449 4789 )

1420 4564 1435 4597 's

1417 4721 1435 4755 2
