2926 5168
1258 259 1322 332 Μ

116 410 324 498 ipsoPstre).
349 419 460 476 Huee
482 419 546 476 est
566 417 748 476 masime
770 413 1040 487 eocetteuuo,
1062 434 1168 497 quae
1187 425 1321 483 omnia

117 521 357 589 ordinatos
378 522 537 583 voluntate
551 520 679 593 Patris,
702 526 734 581 et
753 523 896 597 optime
924 522 1127 598 pubernat
1153 530 1320 585 univer-

116 643 224 704 sum,
263 626 488 704 indefessa
527 632 565 686 et
602 627 1128 704 tussibustopotestate
1164 636 1321 693 cuneta

116 751 159 810 op
169 750 298 795 eraus
307 775 319 808 ,
336 738 506 811 propterea
516 733 601 813 quod
613 735 679 809 opit
693 751 834 793 arcanus
850 735 1026 810 respiciens
1046 737 1198 796 notiones.
1221 731 1320 798 Nun·

117 855 212 925 quam
234 844 317 897 enim
338 858 359 898 u
379 856 440 896 sua
461 837 586 897 secedit
604 841 733 916 spesseia
754 838 816 896 Dei
837 835 955 916 bilius,
978 843 1014 898 ut
1034 841 1102 916 qui
1121 857 1203 899 non
1223 841 1321 901 ‹ttet-

116 942 252 1014 dntur,
274 962 353 1005 non
374 945 628 1012 dissecetur,
652 960 728 1003 non
748 948 944 1003 trauseat
963 962 983 1001 a
1004 942 1095 1004 loeo
1116 950 1166 1004 nd
1186 943 1321 1014 bonum,

117 1049 170 1105 sit
200 1053 333 1109 autem
365 1067 521 1126 semper
551 1049 708 1128 ubique,
743 1052 783 1106 et
813 1049 1085 1107 contineatur
1105 1066 1322 1129 nusquam:

118 1157 231 1212 totus
252 1171 384 1234 mens,
416 1159 549 1215 totus
579 1152 655 1212 tuo:
683 1157 881 1231 paterna,
911 1156 1022 1211 totus
1054 1151 1218 1224 oeulus,
1253 1154 1323 1231 qui

119 1259 247 1317 omnia
268 1259 388 1335 sidet,
411 1262 540 1318 omnia
562 1259 689 1329 audit,
710 1261 794 1316 soit
813 1258 954 1326 omnin,
973 1260 1322 1335 potestate'ssru·

119 1367 235 1422 tatur
253 1367 490 1438 potestates
512 1364 540 1440 ¹)
576 1359 680 1444 Atque
698 1379 830 1422 rursus:
856 1358 968 1432 ouoo
985 1358 1181 1443 (Verbum),
1204 1365 1320 1442 quate-

118 1485 179 1526 nus
209 1464 303 1526 otim
333 1471 571 1543 antejustu
599 1467 766 1526 mundi
793 1466 1070 1544 fundamenta
1098 1467 1320 1537 existebat,

119 1572 302 1633 divinum
333 1592 471 1634 rerum
501 1575 672 1654 omnium
701 1574 952 1650 principium
975 1573 1079 1647 fuit,
1114 1573 1323 1651 etiamque

119 1693 230 1735 nuno
252 1682 335 1736 est:
367 1683 525 1757 quatenus
546 1697 619 1737 sero
642 1679 824 1738 novusimts
842 1676 1032 1753 temporibus
1060 1675 1242 1736 venerando
1267 1676 1322 1737 etto

119 1785 150 1838 et
166 1781 241 1855 alirn
258 1791 372 1842 saneto
395 1780 515 1842 obriso
535 1784 661 1842 nomino
682 1783 838 1861 appellari
858 1781 968 1857 noluit,
989 1798 1105 1840 novum
1127 1798 1147 1838 a
1167 1799 1218 1840 me
1234 1784 1322 1841 Can·

118 1887 210 1945 tirum
228 1882 352 1966 (utpote
369 1885 452 1969 quod
470 1885 586 1948 bonum
603 1884 708 1948 attulit
726 1883 868 1947 nuntium
884 1881 1087 1947 remissionis
1105 1893 1321 1966 peecatorum,

119 1987 268 2074 et·regni
288 1988 351 2052 Dei
372 1989 668 2075 appropinquantis)
686 1999 824 2053 eoeatur.
856 1991 925 2052 Hos
945 1994 1043 2068 ipitur
1076 1991 1210 2051 Verbum
1230 1986 1323 2052 Obri-

117 2100 185 2154 stus
203 2114 269 2156 non
286 2097 398 2174 sotum,
412 2103 449 2157 ut
464 2099 539 2159 otim
557 2117 708 2170 essemus,
728 2118 828 2158 eausa
842 2101 909 2175 fuit
925 2095 1016 2179 (nam
1036 2096 1111 2156 itte
1132 2101 1209 2156 tum
1230 2107 1322 2158 erat

116 2202 156 2259 in
177 2197 268 2282 Deo)
279 2244 291 2278 ,
321 2202 479 2262 sedidem
504 2209 599 2266 ettam
623 2205 703 2264 bene
729 2223 802 2263 esse
829 2204 921 2263 nobis
946 2203 1050 2274 dedit,
1082 2202 1199 2275 etjam
1220 2219 1323 2279 nuper

117 2303 296 2366 bominibus
323 2313 488 2385 oppuruit,
521 2311 594 2387 qui
619 2309 738 2369 sotus
766 2314 959 2388 uterque,
988 2305 1116 2367 Deus
1137 2311 1179 2365 et
1198 2305 1321 2376 bomo,
1366 2296 1369 2301 ’

117 2414 187 2480 est,
204 2415 242 2469 ut
255 2413 463 2473 omnimodam
479 2416 570 2473 nobis
583 2413 770 2492 felicitatem
786 2418 888 2476 daret.
912 2446 948 2456 —
971 2409 1097 2471 Novum
1116 2426 1191 2486 erpo
1217 2412 1323 2471 santi·

116 2532 187 2575 eum
204 2519 255 2574 est
279 2516 415 2587 Verbi,
446 2519 576 2596 quod
601 2521 644 2578 iu
670 2520 883 2595 principio
904 2527 940 2576 et
959 2522 1053 2577 ante
1071 2517 1323 2594 principium

103 2619 204 2692 fuit,
228 2624 379 2693 exortus,
408 2624 462 2701 qui
487 2623 577 2682 modo
594 2623 685 2682 uobis
706 2626 832 2702 effulsit,
863 2621 962 2683 Modo
982 2626 1064 2680 enim
1083 2623 1247 2698 apparuit,
1269 2622 1324 2700 oui

115 2723 189 2782 olim
206 2729 291 2794 erat,
323 2730 494 2786 Servatur:
523 2730 686 2806 apparuit,
717 2730 786 2809 qui
813 2746 886 2787 ens
915 2731 979 2786 est
1007 2727 1048 2784 in
1070 2734 1165 2787 ente
1186 2720 1216 2806 (ὁ
1236 2725 1323 2800 ἐντῷ

115 2817 178 2885 b'm
197 2818 275 2910 sbo);
299 2831 468 2891 Verbum
487 2851 609 2911 nempe,
631 2839 737 2913 quod
757 2838 866 2908 opud
885 2830 1009 2891 Deum
1031 2838 1125 2901 erat,
1148 2834 1185 2889 et
1206 2848 1226 2887 a
1248 2846 1322 2909 quo

110 2935 234 3009 saeta
255 2940 355 2994 sunt
374 2939 528 3014 omnia,
551 2941 771 3015 Praeceptoris
788 2937 898 3000 babitu
917 2940 1066 3014 apparuit
1085 2940 1123 3007 ²).
1145 2929 1322 3007 —·0rede,

110 3037 219 3116 bomo,
240 3038 397 3100 bomini
418 3047 458 3101 et
477 3042 566 3105 Deo.
590 3041 701 3115 essue,
724 3043 826 3120 bomo,
849 3042 931 3101 Deo
951 3041 1121 3117 visenti,
1145 3039 1215 3118 qui
1234 3055 1322 3115 pos·

111 3159 188 3202 sus
205 3149 276 3223 est,
293 3149 330 3203 et
342 3146 546 3207 adoratur.
566 3144 707 3224 Credite,
727 3149 822 3218 serui,
837 3151 969 3206 mortuo.
987 3142 1115 3204 Credite
1132 3145 1171 3214 ei,
1182 3143 1323 3202 universi

102 3249 271 3320 domines,
293 3254 357 3328 qui
377 3254 494 3311 sotus
515 3256 579 3311 est
598 3252 709 3312 Deus
730 3271 779 3313 ee
799 3251 1015 3311 uniuersis
1040 3248 1269 3309 bominibus
1285 3243 1322 3324 θ).

104 3384 151 3397 --
170 3356 236 3411 Nee
253 3355 338 3413 enim
354 3359 417 3414 tam
435 3359 552 3432 esipuo
566 3362 716 3432 temporis
731 3361 833 3436 spatio
851 3340 973 3416 tautum
990 3372 1069 3431 opus
1084 3353 1202 3434 absque
1214 3354 1322 3412 muna

102 3456 312 3530 providentia
323 3461 459 3538 persenit
471 3461 638 3532 Dominus,
661 3464 716 3542 qui
736 3439 839 3539 specie
860 3466 952 3520 tenus
966 3460 1149 3536 despectus,
1171 3458 1322 3533 reipsa

102 3561 324 3624 adoratus
344 3573 425 3644 est;
447 3567 606 3644 sepiolae,
626 3574 780 3636 servator,
802 3566 999 3632 mansuetus,
1021 3562 1059 3620 di
1067 3562 1104 3619 ei
1112 3577 1202 3619 num
1230 3559 1321 3620 Ver·

102 3666 223 3743 bum;
244 3684 373 3728 verus
393 3673 485 3729 sine
506 3671 800 3729 controversia
823 3673 946 3737 Deus,
971 3684 1054 3725 eum
1076 3663 1244 3725 Domino
1264 3669 1321 3723 to·

102 3772 202 3829 tius
236 3775 516 3835 unversitatis
548 3776 833 3855 adaequatus,
871 3775 1019 3853 quoniam
1051 3771 1149 3846 ejus
1182 3765 1322 3828 Vilius

102 3881 220 3952 erat,
244 3882 278 3936 et
300 3881 466 3941 Verbum
488 3884 640 3942 eratin
658 3882 738 3942 Deo
760 3885 801 3954 4).
827 3873 1116 3962 -Origenes,
1139 3871 1179 3950 oh
1202 3868 1320 3933 laboris

102 3973 300 4042 instantiam
325 3994 358 4045 et
379 3982 531 4047 invictam
555 3983 650 4048 animi
683 3981 900 4046 fortitudinem
921 3976 1129 4044 Adamantius
1149 3979 1319 4063 cognomi·

102 4093 221 4155 natus,
243 4083 328 4148 filius
350 4087 515 4153 Leonidae
536 4088 712 4173 Martyris,
743 4085 883 4150 omnium
912 4083 1029 4149 aetatis
1053 4102 1131 4146 suae
1153 4081 1321 4145 doctorum

102 4233 363 4256 5--U—

147 4305 176 4366 1)
196 4305 298 4357 strom.
320 4310 347 4357 t.
365 4322 390 4358 e.
411 4310 438 4358 2.
457 4306 488 4358 Τ.
506 4309 530 4357 2.
550 4320 576 4372 p.
592 4308 651 4357 8³1.

147 4384 174 4454 ²)
194 4394 301 4448 Cobort.
320 4401 356 4447 od
374 4400 451 4449 Geut.
469 4414 494 4450 e.
515 4403 541 4450 1.
558 4412 584 4463 p.
602 4398 620 4446 6
637 4411 661 4447 o.

145 4473 448 4554 &nemum

145 4569 173 4636 6)
191 4576 231 4626 ib.
246 4591 275 4634 p,
292 4578 344 4629 86.
372 4574 414 4627 cf.
442 4575 525 4627 etiam
551 4579 646 4628 strom.
670 4582 691 4628 t.
719 4579 748 4628 2.
773 4588 799 4627 ο.
825 4577 874 4626 tb.
901 4569 1007 4638 [ibib.
1026 4577 1044 4627 t.
1063 4576 1093 4626 4.
1112 4586 1137 4624 e.
1159 4572 1207 4621 rt.
1226 4571 1273 4623 ed
1292 4579 1319 4633 pa

106 4646 724 4732 humandumepmmm
1081 4732 1120 4796 w
