2926 5168
129 377 396 442 Novatianus
421 379 456 463 ¹),
479 377 731 462 Dionysius,
754 378 847 444 Rom.
870 379 905 443 P.
928 385 977 459 ²),
1000 379 1219 444 Eusebius
1242 378 1338 445 Gae-

131 483 355 547 sareensis
377 491 427 559 ³),
458 483 727 548 Athanasius
750 486 797 570 ⁴),
828 484 1018 550 Basilius
1042 486 1090 570 ⁵),
1121 496 1153 549 et
1175 485 1338 574 Grego·
1384 470 1387 477 ¹

130 588 221 653 rius
242 587 465 671 Nyssenus
486 597 525 670 ⁴).
554 588 733 654 Praeterea
754 610 849 655 error
871 590 923 655 iiie
955 589 987 654 in
1010 590 1180 673 synodo
1203 590 1338 656 Roma·

129 714 177 758 na
207 714 236 759 a.
265 693 337 760 233.
368 694 557 759 solemniter
588 696 779 771 damnatus,
810 707 904 781 atque
937 696 1113 762 Sabelliani
1137 696 1222 782 jussi
1251 709 1339 779 sunt,

129 811 261 885 praeter
277 819 390 864 veram
412 799 620 876 divinitatem,
645 822 738 886 quam
761 813 973 889 agnoverunt,
997 822 1060 867 una
1082 801 1239 888 profiteri,
1263 823 1339 868 esse

130 903 297 970 Christum
319 927 383 971 uon
405 908 476 972 sola
508 907 722 994 cogitatione,
746 909 803 971 sed
828 907 959 973 realiter
981 929 1000 972 a
1022 909 1121 973 Patro
1143 908 1338 983 distinctum,

130 1010 214 1098 quod
236 1011 417 1076 orthodoxa
437 1011 519 1076 fides
542 1012 665 1078 doceat.

214 1118 422 1181 observ.
453 1122 568 1180 Contra
599 1123 828 1181 subsistentiam
863 1125 1054 1199 personalem
1087 1124 1222 1200 Spiritus
1255 1125 1288 1187 S.
1321 1143 1339 1183 a

129 1227 221 1284 Patre
253 1233 284 1284 et
311 1227 389 1284 Filio
418 1226 592 1286 distinctam
625 1227 741 1304 quidem
770 1228 955 1304 obmovent‚
983 1228 1131 1304 Spiritum
1161 1228 1194 1287 S.
1221 1229 1252 1286 iu
1276 1228 1336 1289 SS.

129 1331 258 1389 Litteris
280 1332 451 1407 comparari
473 1349 538 1390 oum
570 1333 679 1408 spirito
700 1332 832 1391 bominis
856 1334 900 1410 2),
931 1335 980 1408 qui
1008 1351 1068 1392 non
1091 1333 1132 1392 sit
1155 1334 1191 1392 ab
1215 1329 1337 1392 bomine

129 1435 310 1504 distinctus,
334 1445 363 1493 et
386 1438 493 1513 opponi
516 1433 636 1513 spiritui
659 1437 760 1496 mundi
782 1442 831 1514 ⁸),
858 1439 907 1514 qui
929 1439 1045 1514 pariter
1068 1438 1267 1496 subsistentia
1287 1457 1336 1514 pe·

128 1540 239 1598 saliari
267 1539 458 1600 destituatur.
493 1574 529 1586 -
563 1543 705 1602 Attamen
742 1543 879 1618 Spiritus
908 1543 941 1602 S.
972 1561 1039 1602 eum
1069 1544 1179 1619 spiritu
1208 1543 1338 1602 bominis

126 1652 245 1703 tantum
276 1654 469 1722 eomparatur
492 1648 587 1723 quoad
611 1649 769 1707 seientiam
794 1664 918 1719 eorum,
951 1666 1025 1724 quae
1053 1656 1124 1707 sunt
1155 1649 1184 1706 in
1206 1645 1338 1717 bomine,

124 1768 188 1810 non
211 1759 309 1808 autem
333 1752 424 1810 otiam
448 1750 544 1827 quoad
574 1750 639 1825 ejus
667 1753 846 1811 relationem
878 1752 915 1813 ad
939 1752 1104 1816 bominem.
1126 1753 1224 1812 Porro
1247 1770 1339 1829 oppo·
1439 1822 1441 1827 ¹

123 1857 211 1914 nitur
234 1855 368 1931 spiritus
391 1857 423 1915 8.
447 1858 568 1933 spiritui
596 1857 697 1915 mundi
727 1857 913 1916 solummodo
937 1858 966 1916 in
990 1858 1053 1916 suis
1078 1858 1257 1926 effectibus,
1288 1875 1338 1916 ne·

119 1974 277 2038 quaquam
307 1969 449 2036 respectu
482 1963 528 2019 sui
551 1980 606 2038 par
630 1983 662 2021 se
686 1962 837 2021 existendi
869 1980 923 2021 seu
953 1962 1138 2022 subsistendi
1169 1961 1266 2030 modi,
1297 1963 1339 2019 ita

119 2076 157 2125 ut
183 2085 221 2125 ex
243 2066 300 2125 hae
322 2067 512 2143 oppositione
542 2077 602 2126 tam
633 2086 740 2144 parum
769 2077 940 2147 sequatur,⁴
963 2068 1111 2145 Spiritum
1135 2068 1170 2130 S.
1193 2085 1251 2126 non
1275 2069 1338 2125 exi·

121 2182 212 2231 stere
233 2180 375 2248 tanquam
398 2173 588 2248 suppositum
611 2192 628 2231 a
650 2173 741 2233 Patre
765 2181 794 2232 et
816 2174 892 2233 Filio
925 2174 1117 2243 distinctum,
1147 2189 1236 2250 quam
1259 2172 1337 2244 inde,

120 2276 206 2356 quod
229 2275 371 2336 Christus
393 2277 489 2336 eidem
513 2278 634 2355 spiritui
657 2278 758 2337 mundi
781 2288 958 2354 opponatur,
982 2279 1118 2355 sequitur
1129 2321 1142 2358 ,
1163 2280 1249 2338 iilum
1271 2296 1338 2355 pro·

122 2384 196 2459 pria
217 2383 417 2459 subsistentia
440 2400 555 2443 carere.

125 2547 150 2628 1.
176 2543 242 2615 51.
265 2547 404 2615 Potes·
433 2549 480 2616 et
506 2545 650 2617 Titius
678 2550 725 2616 et
751 2544 952 2635 spiritus
982 2548 1023 2619 S.
1054 2563 1176 2617 unus
1197 2550 1337 2619 neus.

211 2698 446 2764 Verumtamen
461 2710 530 2764 tres
551 2721 710 2784 personae
733 2700 870 2777 divinae,
893 2700 993 2765 Pater
1015 2713 1049 2765 et
1064 2700 1164 2765 Filius
1187 2712 1221 2765 et
1237 2700 1338 2787 Spiri-

126 2814 179 2867 tus
197 2802 232 2867 S.
255 2823 319 2868 uon
342 2803 487 2869 existunt
508 2816 602 2869 extra
625 2825 671 2880 se,
695 2826 799 2891 neque
812 2805 961 2871 uniuntur
982 2818 1105 2871 tantum
1128 2805 1336 2880 adinvicem,

127 2909 187 2972 sed
209 2927 273 2972 una
287 2910 464 2995 eademque
486 2930 621 2974 numero
639 2920 714 2974 sunt
736 2910 917 2975 substantia
935 2910 1053 2987 divina,
1076 2910 1122 2976 ita
1139 2921 1251 2975 utnon
1275 2911 1339 2976 sint

126 3032 231 3098 neque
253 3024 323 3077 tres
346 3012 402 3094 dii,
425 3033 528 3099 neque
552 3013 648 3078 etiam
671 3034 708 3078 se
730 3012 928 3079 adinvicem
951 3015 1090 3079 habeant
1121 3026 1154 3079 ut
1175 3027 1244 3080 tres
1266 3037 1338 3102 par·

163 3279 189 3338 ¹)
208 3278 250 3326 De
270 3277 363 3326 Trinit.
382 3290 407 3327 o.
427 3277 552 3325 18--19.
572 3272 613 3327 lb.
631 3288 659 3340 p.
681 3272 732 3325 300
751 3289 791 3326 ss.

161 3361 187 3429 ²)
205 3366 273 3415 Ado.
292 3365 397 3415 Sabell.
415 3360 456 3412 lb.
477 3376 503 3428 p.
522 3363 573 3412 5³8
592 3375 633 3412 ss.
650 3362 700 3427 Ap.
718 3361 898 3414 Athenas.
926 3366 967 3415 De
985 3367 1058 3414 deor.
1080 3366 1147 3426 suu.
1167 3366 1228 3415 Nir.
1246 3383 1273 3417 n.
1292 3368 1339 3431 23.

130 3450 202 3519 0pp.
220 3450 254 3504 T.
275 3454 298 3503 1.
316 3465 344 3517 p.
360 3451 409 3502 231
430 3463 473 3504 ss.

161 3531 188 3602 3)
207 3543 276 3592 Ado.
300 3541 462 3592 Marcellam
487 3541 596 3603 ejusque
621 3533 798 3607 σύγγραμμα,
822 3542 850 3590 et
877 3542 917 3591 De
936 3544 1037 3592 rooles.
1065 3542 1218 3602 recuruato.
1238 3541 1297 3594 Una
1316 3556 1339 3596 e.

129 3628 221 3692 ejusd.
239 3632 390 3682 Demonstr.
407 3633 514 3690 anm.
534 3628 568 3679 etl
586 3628 758 3683 Moretti.
782 3628 847 3679 Par.
873 3629 949 3680 1628.
968 3627 1000 3682 S.
1017 3632 1042 3681 2.
1061 3644 1088 3696 p.
1108 3631 1217 3686 i—iiib.
1236 3633 1277 3684 De
1293 3626 1339 3692 M.

129 3723 191 3771 odo.
210 3721 315 3771 Sabell.
333 3719 365 3769 ln
382 3722 453 3771 13th.
471 3735 543 3772 mos.
561 3723 617 3770 1²1³.
635 3717 768 3782 Lugdun.
793 3717 826 3771 T.
844 3719 870 3771 1.
889 3732 917 3784 p.
938 3722 951 3770 1
971 3733 1013 3771 ss.

160 3805 188 3870 4)
207 3811 346 3868 Relatuts'o
364 3812 510 3871 hypocrisis
526 3811 766 3874 Metetr'i‚Eusebtt'
783 3811 846 3861 odo.
865 3812 1089 3862 courtmatrut-
1109 3813 1153 3863 0r.
1171 3814 1213 3862 De
1230 3815 1339 3866 locuni.

131 3901 183 3949 Dei
204 3900 282 3949 Verbi
300 3901 362 3951 odo.
380 3903 460 3952 Paul.
478 3901 582 3951 Samos.
601 3925 633 3936 -
655 3895 700 3952 Or.
726 3907 797 3951 cont.
816 3900 920 3950 Sabell.
945 3902 1050 3960 propat.
1076 3902 1110 3950 de
1134 3910 1236 3954 aeterra.
1263 3897 1296 3953 F.
1315 3913 1341 3955 et

132 3989 178 4047 aa.
198 3988 229 4040 3.
247 4003 273 4039 o.
291 3991 325 4039 11.
344 3991 496 4050 existentia,
511 3987 580 4056 Opp.
598 3987 631 4042 T.
650 3988 675 4037 2.
694 4001 720 4053 p.
738 3989 769 4038 31
790 4001 832 4040 ss.
850 4013 884 4024 -
901 3987 935 4038 33
953 4000 994 4040 ss.
1013 4013 1045 4023 -
1063 3987 1096 4037 37
1114 4002 1156 4039 ss.

161 4071 187 4140 ⁶)
206 4078 287 4130 Hom.
306 4082 357 4132 24.
375 4076 446 4145 Opp.
463 4079 497 4130 T.
515 4080 542 4131 2.
560 4091 588 4143 p.
608 4079 753 4130 teo-tot.
770 4079 858 4136 Enitar.
879 4081 928 4131 ⁶4.
947 4076 982 4130 T.
1000 4078 1027 4129 3.
1046 4091 1072 4143 p.
1091 4077 1238 4133 313-318.

161 4160 187 4232 ⁶)
206 4169 293 4220 Serra.
311 4171 371 4219 udo.
399 4171 495 4220 Arium
523 4177 550 4220 et
573 4169 677 4220 Sabell.
703 4167 733 4218 ln
759 4165 851 4228 Maji
880 4168 1227 4228 eott.uou·veu.1sertnu
1257 4170 1290 4222 V.
1309 4173 1336 4224 3.

130 4258 162 4310 Ρ.
179 4258 207 4311 2.
224 4271 251 4325 p.
271 4259 348 4311 1-9.
377 4258 420 4310 ct.
445 4258 463 4306 J
473 4257 586 4309 ustin-
611 4261 691 4316 Aool.
717 4260 739 4308 1.
765 4273 791 4307 u.
810 4259 859 4307 13.
877 4255 948 4321 opp.
967 4269 995 4321 p.
1014 4258 1056 4308 51.
1074 4280 1108 4292 -
1126 4253 1277 4321 origen.
1296 4263 1337 4311 De

128 4351 214 4406 urina.
232 4353 252 4401 l.
273 4353 300 4399 1.
319 4364 344 4399 o·
363 4351 392 4400 3.
410 4365 436 4400 n.
456 4351 537 4400 1-3.
557 4346 627 4412 0pp.
646 4346 680 4398 T.
699 4349 721 4396 1.
738 4359 765 4410 p.
782 4347 816 4396 to
834 4359 861 4398 s.
879 4348 911 4397 Iu
930 4347 1092 4397 buoflom.
1111 4348 1159 4397 21.
1180 4344 1213 4401 T.
1232 4362 1259 4414 p.
1276 4348 1339 4403 932.

130 4434 461 4502 -Perncbrysot,
481 4440 568 4489 serm.
590 4441 637 4488 60.
656 4432 932 4502 pitto-Vino.
953 4432 1077 4488 barin.
1097 4436 1338 4499 ornumornum.

162 4523 188 4588 η
209 4527 231 4577 ι.
250 4525 315 4579 cor.
334 4528 359 4589 2,
379 4528 489 4578 ro-u.

163 4609 188 4681 8)
210 4618 233 4668 1.
251 4615 319 4670 Cor.
336 4617 362 4683 2,
382 4618 491 4670 12-13.

1099 4703 1139 4772 21
