2926 5168
1282 232 1347 304 '327

134 380 399 441 deitatemin
421 382 560 441 tribus
583 379 899 455 subsistentiis,
919 387 1008 444 siae
1025 393 1229 463 personis
1251 393 1346 453 odo·

135 491 309 546 randam'
339 480 463 564 (ιριάδα
495 481 686 563 inarctetur,
709 486 779 564 plau
800 484 940 567 θοόθηὲα
970 487 1000 548 ir
1021 491 1117 570 τρισὶν
1137 490 1344 569 insatiatam,

135 579 225 671 bysso
245 584 416 669 προσώποις
438 589 705 670 προςκυιοομέιηι)
717 614 731 669 ,·
753 592 827 652 talis
849 595 1021 654 anatliema
1042 600 1086 656 sit
1107 600 1151 676 ¹).
1173 635 1213 645 -
1246 598 1346 665 Cori-

136 693 281 758 cilium
310 693 411 756 Nic.
442 693 482 757 ss.
513 713 539 755 a.
560 698 650 760 782:
675 695 841 759 Credimus
866 698 1123 762 Trinitatem
1144 707 1346 780 inconditam,

135 800 374 872 indivisam,
396 800 760 879 incomprehensibilem,
791 806 1116 881 incircumscriptam:
1140 811 1276 872 eandem
1294 820 1345 874 to·
1419 882 1421 890 Α

136 911 200 967 tum
224 926 264 966 ae
287 906 389 967 solam
414 908 510 966 latria
533 907 716 983 colendam,
747 914 779 967 et
804 910 1019 982 adorandam,
1053 922 1085 972 et
1109 924 1346 978 venerandam:

135 1030 249 1074 unam
271 1012 483 1086 deitatem,
504 1031 622 1072 unam
643 1014 990 1086 dominationem,
1014 1034 1139 1078 unam
1158 1026 1348 1096 potesta·

139 1124 235 1196 tem,
269 1136 410 1177 unum
431 1119 650 1196 imperium
672 1122 977 1197 etpotentiam,
1001 1101 1349 1202 quaepersonis

138 1224 338 1285 diuiditur
370 1223 572 1292 indivise,
606 1229 647 1282 et
675 1223 925 1285 substantia
952 1227 1170 1302 copulatur
1204 1232 1348 1290 diuise

140 1326 188 1411 (τῇ
210 1324 300 1402 oriola
321 1327 498 1387 συνάπτεται
520 1327 716 1407 διῃρημένος)
744 1326 783 1409 ²).
815 1364 854 1374 —
884 1325 928 1390 Et
958 1325 1191 1394 Concilium
1221 1326 1347 1395 La'ie-

137 1452 221 1494 ran.
243 1429 299 1494 IV.
323 1450 351 1492 a.
376 1434 483 1496 tels:
507 1435 657 1492 Firmiter
679 1434 855 1505 credimus,
878 1441 910 1493 et
939 1435 1124 1513 simpliciter
1153 1440 1347 1517 confitemur,

138 1545 223 1620 quod
242 1556 355 1597 ursus
374 1537 463 1598 solus
481 1542 531 1598 est
543 1555 640 1597 aeras
660 1538 778 1609 Deus,
802 1544 964 1609 aeternus,
987 1550 1018 1601 et
1038 1544 1222 1614 immensus,
1245 1516 1348 1603 omnis

135 1649 258 1720 potens,
279 1643 551 1713 iucommutabilis,
574 1641 899 1719 incomprebensibilis
921 1649 953 1703 et
973 1647 1142 1724 ineffabilis
1150 1691 1162 1725 ,
1185 1644 1295 1727 Pater,
1310 1628 1350 1709 ¹et

137 1749 254 1819 esum,
277 1753 309 1807 et
328 1751 466 1827 Spiritus
486 1745 544 1826 &5
572 1753 677 1807 tres
699 1749 853 1828 quide
870 1768 901 1807 m
919 1768 1145 1827 personae,
1176 1754 1250 1811 sed
1268 1773 1350 1815 nna

136 1856 355 1926 essentia,
383 1854 647 1928 substantia,
677 1871 751 1911 sea
781 1858 937 1913 natura
964 1856 1151 1931 simplea
1179 1861 1348 1920 omnino.

135 1964 232 2022 Pater
251 1980 272 2019 a
291 1957 390 2029 nullo,
413 1957 522 2018 Filius
539 1962 643 2017 antem
657 1975 678 2016 a
699 1957 766 2017 solo
786 1963 900 2030 Patre,
924 1978 962 2018 ac
984 1962 1122 2037 Spiritus
1137 1959 1175 2025 S.
1195 1964 1235 2022 ab
1254 1969 1347 2023 utro·

136 2083 198 2144 que
212 2069 345 2139 pariter,
368 2064 487 2143 ubsque
506 2064 595 2122 initio
616 2081 752 2139 semper,
776 2068 806 2122 et
822 2064 896 2141 pne.
919 2064 1018 2124 Pater
1038 2084 1219 2141 qenerans,
1242 2068 1348 2128 Filius

133 2187 285 2240 nascens,
308 2172 338 2227 et
358 2170 498 2247 Spiritus
519 2171 550 2231 S.
576 2167 774 2245 procedens;
802 2169 1201 2232 consubstantiales
1223 2184 1266 2233 et
1286 2193 1349 2233 co-

135 2279 364 2353 aequales,
394 2274 763 2351 coomnipotentes
796 2282 834 2332 et
854 2279 1084 2347 coaeterni,
1115 2296 1236 2338 unum
1256 2281 1347 2338 uni-

133 2390 356 2441 versorum
374 2382 638 2456 principium.
670 2412 708 2422 —
739 2377 831 2438 Haec
851 2377 886 2440 S.
913 2379 1109 2440 Trinitas
1131 2389 1349 2443 secundum

130 2502 390 2546 communem
418 2487 645 2542 essentiam
672 2481 911 2555 individua,
942 2489 979 2542 et
1007 2486 1225 2545 secundum
1252 2505 1348 2564 pro·

121 2594 354 2667 prietates
376 2590 416 2648 di
424 2593 569 2647 sereta
593 2621 630 2632 -
654 2587 832 2648 doctrinam
848 2588 987 2648 bumana
1001 2591 1117 2666 qeneri
1138 2591 1246 2650 tribuit
1256 2593 1349 2652 :salu-¹

123 2703 238 2756 tarem
258 2700 300 2769 ³).
323 2729 362 2739 -
384 2692 453 2753 Nos
474 2698 577 2753 antem
598 2689 762 2775 (opposite
786 2691 825 2754 ad
854 2710 985 2754 errores
1009 2692 1148 2756 Abbatis
1168 2693 1346 2775 Joachim),

124 2820 230 2863 sacro
257 2807 290 2860 et
307 2799 483 2861 ronioersoli
510 2796 651 2858 Concilio
678 2799 894 2876 approbante,
913 2799 1079 2858 credimus
1109 2805 1140 2858 et
1161 2802 1347 2878 confitemur

124 2928 207 2968 cum
228 2904 323 2968 Petro
343 2900 567 2986 (bernbardo),
591 2910 675 2983 quod
692 2923 770 2963 ana
793 2903 990 2983 quaedam
1010 2923 1163 2964 sumnia
1184 2924 1252 2964 res
1274 2912 1348 2986 est,

121 2996 459 3088 incomprehensibilis
489 3010 614 3089 quidem
638 3016 669 3068 et
689 3009 858 3087 ineffabilis
870 3052 882 3085 ,
917 3028 1022 3087 quae
1043 3012 1265 3069 ueraciter
1286 3018 1352 3071 est

124 3117 278 3197 Pater,
301 3123 341 3177 et
360 3115 509 3186 Filias,
533 3120 573 3173 et
591 3116 773 3191 Spiritus
793 3111 841 3193 S„
865 3119 954 3173 tres
976 3113 1109 3175 simul
1125 3115 1349 3192 personae,-

120 3240 179 3288 aa
204 3222 456 3300 singulatim
477 3220 690 3302 quaelibet
710 3226 949 3280 earundem.
973 3218 1018 3279 lte
1039 3220 1108 3278 ideo
1133 3223 1167 3278 in
1182 3219 1346 3280 Deo-Tri-

119 3334 223 3393 nitas
244 3336 297 3389 est
311 3328 505 3388 solummodo
516 3369 529 3404 ,
547 3344 611 3385 non
632 3328 850 3405 quaternitas:
872 3328 948 3403 quia
969 3325 1193 3404 quaelibet
1214 3325 1349 3386 triu-'m

113 3452 413 3514 personarum
434 3437 495 3492 est
514 3427 591 3490 illa
612 3449 690 3502 res,
708 3429 1127 3501 uidelicetsnbstantia,
1143 3434 1348 3508 essentia,

115 3545 230 3604 sive
260 3543 412 3598 natura
440 3537 583 3595 divina
591 3578 604 3613 ,
635 3553 716 3613 quae
745 3537 816 3594 sola
836 3540 886 3592 eit
906 3537 1128 3595 uniuersorum
1145 3537 1348 3612 principium,

111 3651 265 3724 praeter
287 3649 371 3722 quod
392 3641 482 3700 atiud
499 3642 636 3700 inveniri
656 3658 721 3698 non
739 3643 850 3716 potest.
873 3636 918 3698 lto
939 3638 996 3698 illa
1008 3648 1072 3698 'res
1093 3657 1158 3698 non
1178 3644 1226 3698 est
1243 3658 1347 3715 qene-

118 3767 226 3821 rans,
248 3764 352 3824 neque
371 3748 499 3822 penita,
527 3765 585 3806 nec
604 3751 805 3826 procedens:
835 3743 895 3803 sed
914 3749 965 3802 est
983 3744 1084 3806 Pater
1095 3789 1107 3822 ,
1130 3747 1348 3825 qui-qenerat,

119 3854 250 3922 Filius,
273 3856 327 3932 qui
342 3853 502 3930 qipmtur,
525 3857 555 3911 et
572 3855 712 3928 Spiritus
732 3849 778 3921 S,
803 3852 858 3930 qui
877 3850 1039 3924 procedit:
1060 3858 1098 3910 ut
1116 3850 1218 3910 disti
1225 3855 1348 3911 uetia-

121 3957 606 4033 nessintinpersonis,
638 3959 843 4016 et'unitas
876 3959 919 4014 in
948 3961 1111 4016 natura.
1134 3953 1232 4015 Licet
1252 3957 1349 4031 iqitar

123 4065 252 4130 alius
273 4064 328 4122 sit
345 4061 495 4139 Pater,
527 4063 641 4123 alius
663 4061 827 4131 Filius,
851 4061 968 4120 alius
990 4059 1187 4137 Spiritus
1208 4057 1262 4134 a,
1284 4078 1349 4119 oron

127 4180 242 4232 tamen
263 4166 400 4226 aliud:
420 4168 480 4226 sed
499 4166 540 4226 id
559 4168 668 4244 quod
686 4166 905 4243 estPater,
928 4164 1149 4226 estFilius
1166 4170 1201 4225 et
1216 4164 1347 4241 Spiri-

130 4345 378 4374 μ

170 4438 196 4496 ¹)
218 4436 251 4485 c.
271 4437 299 4482 1.
317 4429 449 4494 Monoi,
469 4433 539 4482 Coit.
559 4432 641 4482 Coae.
661 4429 695 4482 Τ.
712 4433 738 4482 9.
758 4443 784 4482 ο.
801 4431 860 4481 ³7⁵.

166 4518 193 4589 ²)
209 4528 269 4575 Act.
287 4527 318 4575 4.
336 4525 443 4573 Decret.
462 4519 503 4572 lb.
523 4520 555 4570 Τ.
577 4520 618 4572 13³
637 4532 662 4570 c.
681 4520 739 4571 130.

169 4605 196 4676 ³)
218 4615 250 4665 a.
269 4615 297 4662 1.
318 4614 358 4662 ae
374 4613 421 4669 oo.
440 4610 518 4661 coro.
536 4606 579 4661 ιο.
598 4609 630 4661 Τ.
648 4608 691 4661 ee.
710 4621 735 4662 s.
754 4610 814 4664 oss·
