2926 5168
206 189 268 258 lat

204 341 329 428 quidam
346 353 434 416 sunt,
458 341 517 404 sad
532 340 616 403 baud
630 338 802 424 (absolute)
824 337 987 421 perfecta3
1009 337 1102 410 bona,
1125 336 1196 421 quia
1218 359 1238 400 a
1255 338 1339 412 Deo,
1352 337 1406 401 im·

204 448 366 531 perlecta,
389 446 462 532 quia
477 446 564 510 facta

231 586 233 592 ¹
284 553 399 631 Quoad
415 551 722 616 disconvenientiam
743 551 872 614 tandem
887 550 971 614 inter
1006 551 1142 616 hominis
1174 552 1336 615 internam
1365 549 1408 612 di·

201 660 357 744 gnitatern
379 669 474 743 atque
497 670 664 722 externam
688 659 757 740 ejus
768 667 891 721 sortem
900 656 1130 720 advertendum
1153 669 1220 722 est:

284 770 312 833 1.
334 763 408 827 Non
427 784 559 836 omnes,
583 764 635 846 qui
659 763 805 828 videntur
839 763 918 846 justi
944 782 982 827 ac
1007 766 1118 847 probi,
1141 787 1258 829 revera
1278 786 1406 851 semper

194 870 275 955 justi
292 881 383 940 sunt;
406 869 497 933 etita
514 868 610 932 etiarn
623 889 821 953 nequaquam
836 890 964 942 omncs,
987 871 1040 951 qui
1057 871 1132 935 mali
1140 873 1310 945 habentur,
1329 893 1405 934 vere

198 974 335 1059 improbi
352 985 436 1039 sunt.
458 975 565 1039 Homo
582 975 701 1048 cernit,
724 995 806 1059 quae
833 988 962 1058 parent,
992 976 1085 1039 Deus
1124 989 1231 1040 autern
1260 976 1401 1039 intuetur

198 1102 265 1148 oor.
296 1081 500 1166 Quapropter
541 1092 573 1145 et
613 1093 722 1145 monet
753 1082 1007 1166 Apostolus:
1040 1081 1146 1145 Nolite
1177 1089 1252 1144 ante
1282 1090 1406 1159 tempus

188 1191 358 1268 judicare,
380 1190 588 1270 quoadusque
608 1193 717 1250 veniet
735 1191 893 1252 Dominus
915 1192 949 1266 ¹).

173 1330 175 1333 v
277 1297 309 1359 2.
333 1291 422 1356 Vera
445 1291 550 1355 virtus
580 1297 648 1376 jam
683 1293 945 1356 remuneratione
967 1293 1109 1368 interna,
1150 1293 1246 1357 animi
1280 1294 1405 1358 scilicet

196 1397 423 1482 tranquillitate
446 1417 485 1460 ac
501 1398 674 1472 beatitate,
699 1419 780 1482 qnae
798 1399 831 1462 in
848 1399 900 1462 bis
921 1399 1019 1463 terris
1035 1419 1116 1461 sane
1130 1400 1289 1463 bonorum
1308 1402 1404 1465 omni·

195 1525 247 1567 um
269 1514 321 1566 ast
341 1502 526 1577 maximum,
549 1513 581 1565 et
602 1523 665 1565 una
687 1504 912 1567 suavissimum
935 1525 1158 1568 aerumnarum
1187 1505 1403 1579 lenimentum,

194 1620 289 1691 atqua
320 1627 418 1692 saepe
449 1608 545 1671 etiam
576 1619 711 1671 externa
739 1607 888 1672 felicitate
910 1628 974 1672 non
997 1619 1087 1672 caret
1109 1607 1146 1692 ²).
1168 1609 1292 1691 lmpius
1305 1596 1402 1684 uero,

193 1713 339 1798 quamvis
362 1713 541 1778 commodis
563 1713 842 1798 voluptatibusque
866 1712 996 1785 allluat,
1019 1731 1097 1775 vera
1127 1711 1290 1778 felicitate.
1311 1735 1401 1778 vero·

193 1839 254 1903 que
268 1818 388 1920 gaudio
404 1823 567 1901 privatur,
589 1828 701 1900 utpote
726 1829 842 1902 pectus
861 1816 1063 1881 remorsibus
1087 1815 1305 1881 conscientiae
1330 1818 1402 1881 dila·

191 1921 311 1986 niatum
334 1920 450 2005 ubique
477 1941 588 1985 secum
616 1931 770 2007 gestans,
793 1932 826 1984 et
850 1920 984 2004 insuper
1005 1943 1068 1985 non
1093 1941 1185 1997 raro,
1209 1920 1286 1985 licet
1304 1942 1402 2005 saepe

190 2036 266 2110 post
286 2027 420 2112 longum
437 2024 660 2098 intervallum,
682 2045 738 2087 res
761 2045 837 2088 suas
858 2025 1017 2088 secundas
1031 2025 1062 2088 in
1085 2026 1244 2089 adversas
1262 2045 1401 2089 commu·

190 2143 295 2204 tatas,
318 2130 443 2214 sibique
461 2128 599 2193 inllictas
619 2148 741 2212 poenas
760 2129 953 2212 promeritas
970 2129 1059 2193 videt
1081 2130 1118 2214 ³).

272 2233 303 2302 ³.
324 2235 429 2298 Nemo
435 2235 597 2318 justorum
614 2234 653 2296 ab
663 2233 747 2296 omni
765 2254 900 2317 prorsus
917 2234 990 2298 labe
1006 2234 1158 2299 immunis
1174 2244 1227 2299 est
1242 2234 1282 2317 ⁴),
1295 2254 1401 2319 quem·

197 2340 369 2405 admodum
390 2350 422 2402 et
446 2360 543 2404 nemo
566 2338 610 2400 ita
637 2349 828 2421 corruptus,
850 2350 886 2401 ut
904 2341 1060 2422 quaedam
1077 2361 1141 2404 non
1159 2351 1298 2424 peragat
1310 2340 1401 2403 bona.

191 2445 283 2510 Deus
311 2455 417 2508 autem
436 2443 654 2528 justissimus,
682 2454 779 2526 prout
806 2464 863 2522 pro
889 2442 1018 2507 urinimo
1038 2456 1174 2528 peccato
1193 2443 1310 2530 infligit
1330 2464 1402 2508 con·

189 2570 304 2636 gruem
321 2568 471 2634 poenam,
479 2548 526 2612 ita
542 2569 602 2632 pro
612 2547 742 2611 minimo
755 2549 854 2634 opere
868 2550 953 2613 bono
967 2569 1143 2635 congruam
1160 2549 1299 2638 largitur
1319 2571 1401 2614 mer·

193 2654 315 2718 cedem.
338 2652 430 2731 Quod
445 2651 472 2715 si
490 2673 571 2738 ergo
593 2652 683 2715 Deus
696 2653 748 2716 bis
763 2651 794 2716 in
807 2654 906 2717 terris
917 2657 985 2739 jam
1008 2655 1146 2729 bonurn,
1170 2655 1256 2739 quod
1281 2654 1402 2719 laciunt

188 2758 283 2842 mali,
317 2778 398 2842 quos
426 2769 500 2840 post
525 2768 662 2821 mortem
685 2758 822 2823 felicitas
847 2770 955 2823 manet
969 2763 1076 2836 nulla,
1098 2773 1348 2836 remuneratur,
1371 2773 1402 2824 et

190 2864 307 2928 malum
333 2863 364 2927 in
382 2863 475 2927 bonis
498 2863 606 2949 punit,
636 2877 671 2928 ut
698 2865 805 2929 statim
825 2864 892 2929 vita
917 2867 1056 2954 egressi,
1076 2866 1227 2930 felicitate
1254 2865 1399 2928 fruantur

192 2968 345 3034 coelesti:
368 2967 439 3054 quis
462 2989 534 3032 eum
555 2968 730 3056 injustitiae
753 2982 807 3033 aut
828 2971 1030 3056 insipientiae
1053 2971 1241 3035 insimulet?

269 3074 297 3140 lt.
321 3075 457 3160 lnsuper
475 3074 567 3138 malis
588 3075 731 3159 physicis
738 3076 818 3154 justi
835 3098 853 3139 a
869 3076 956 3140 vitiis
976 3077 1193 3150 retrahuntur,
1219 3087 1318 3160 atque
1339 3077 1400 3140 vir-

185 3191 237 3244 tus
261 3179 294 3243 in
317 3178 357 3243 iis
380 3191 592 3262 promovetur
617 3200 656 3245 ac
677 3180 844 3265 perficitur
867 3189 916 3256 1];
938 3180 1032 3244 bonis
1061 3200 1141 3243 vero
1167 3180 1314 3264 physicis
1338 3203 1400 3244 non

184 3306 260 3350 raro
282 3284 430 3348 homines
450 3285 594 3370 peccatis
614 3285 712 3349 dediti
728 3286 769 3348 ad
788 3285 1049 3370 resipiscentiam
1074 3284 1273 3358 excitantur;
1297 3285 1345 3349 ita
1368 3299 1401 3350 ut

218 3585 242 3653 1)
261 3587 286 3638 1.
305 3585 371 3638 Gor.
388 3585 415 3646 b,
432 3587 458 3636 5.

216 3667 241 3737 ¹)
260 3673 302 3726 Cf.
319 3673 369 3726 Ps.
388 3677 431 3735 96,
451 3676 494 3728 to.
513 3677 554 3726 11.
573 3676 612 3726 ls.
631 3677 657 3738 3,
678 3677 718 3726 10.

216 3764 240 3830 ³)
260 3764 301 3832 cl.
320 3764 371 3816 Ps.
390 3766 432 3825 36,
449 3765 483 3816 38
502 3779 544 3819 ss.
564 3767 605 3826 72,
643 3769 655 3816 1
681 3780 724 3819 ss.
750 3764 814 3819 Job.
844 3769 883 3824 15,
909 3767 1003 3819 20111.
1023 3768 1227 3832 Angustia.
1248 3771 1397 3822 Euareia

185 3858 230 3906 Ρε.
250 3858 299 3907 63.
317 3871 344 3907 n.
362 3859 390 3906 8.
411 3853 482 3920 Opp.
500 3855 533 3906 Τ.
553 3856 579 3907 l.
598 3869 623 3906 c.
642 3856 691 3905 197
711 3870 737 3905 s.
757 3857 851 3908 omnes
869 3859 967 3909 Sancta·
982 3859 1142 3917 adjuvantur
1158 3876 1175 3907 a
1192 3861 1272 3920 Deo,
1291 3865 1342 3910 sed
1358 3865 1397 3911 tn·

182 3951 233 4009 tur,
252 3947 298 3996 ubi
317 3961 393 3996 nemo
414 3947 495 3996 videt.
515 3947 649 4010 Quomodo
666 3948 737 3997 enim
759 3962 857 4007 moeno
878 3956 920 3998 est
939 3963 1026 4005 paean
1048 3950 1187 4006 impiorum
1212 3952 1396 4009 conscientia,

181 4035 223 4084 ric
236 4049 360 4094 maenam
374 4037 502 4094 nauatam
515 4037 618 4094 piorum
637 4038 696 4094 insa
716 4039 892 4088 c‘omclentr'a.
908 4035 948 4086 m
966 4035 1003 4088 al.

215 4118 241 4184 ⁶)
262 4126 286 4174 1.
303 4123 386 4178 Joan.
407 4127 430 4185 1,
447 4126 473 4175 8.

215 4207 239 4277 ⁵)
257 4210 301 4264 61.
319 4212 399 4263 Rom.
417 4215 442 4271 8,
460 4215 502 4264 28.
523 4216 562 4268 ts.
579 4214 688 4267 2601.
704 4216 729 4276 b,
749 4218 791 4269 17.
812 4218 851 4278 12,
871 4220 895 4268 7.
916 4220 939 4268 1.
964 4219 1041 4268 Petr.
1071 4220 1094 4280 1,
1118 4220 1193 4272 6-7.
1221 4217 1250 4281 t,
1279 4223 1306 4274 1.
1334 4227 1394 4276 Act.

187 4300 228 4362 tt,
241 4303 284 4352 21.
305 4328 336 4340 -
353 4301 553 4368 Angustia.
579 4304 656 4356 Cant.
673 4309 770 4356 Foenrt.
789 4308 808 4358 1.
829 4309 876 4358 22.
897 4321 921 4361 c.
947 4311 996 4360 20.
1013 4306 1080 4373 0pp.
1099 4306 1131 4357 Τ.
1146 4309 1172 4358 8.
1187 4319 1214 4360 c.
1233 4310 1283 4360 att
1303 4326 1330 4363 s.
1349 4311 1392 4362 ubl

188 4389 264 4440 inter
280 4388 335 4441 alia
350 4390 405 4441 alt:
425 4394 524 4442 Nullus
542 4396 613 4444 enim
631 4397 764 4446 bantinum
784 4404 825 4446 est
841 4402 914 4448 tento
927 4395 1034 4454 justitia
1049 4399 1207 4457 praeditur,
1226 4402 1274 4450 cui
1292 4416 1346 4452 uon
1362 4403 1394 4450 ait

183 4481 338 4530 necessaria
356 4482 465 4530 tentatio
485 4483 681 4545 tribulationis,
701 4489 799 4537 velud
820 4488 1019 4547 perficiendam,
1044 4488 1141 4550 belod
1165 4494 1391 4556 commeandum,

181 4569 226 4630 val
242 4571 459 4628 adprobandum
476 4573 606 4626 virtulem.
