2926 5168
1260 244 1323 310 811

115 389 230 456 deinde
246 388 383 455 iuCone.
397 391 449 455 lll
458 391 582 475 yrico
601 412 628 455 a.
646 394 728 464 365,
751 392 804 455 vel
812 391 919 476 potius
934 397 1007 462 372.
1025 394 1062 480 ¹),
1087 407 1151 459 turn
1160 396 1193 460 in
1226 399 1325 466 Conc.

113 497 301 562 Romano
323 497 433 565 am.
450 499 510 561 sub
533 497 710 561 Damaso
734 507 887 583 ²),atque
908 497 1134 565 laoniensi
1158 523 1184 566 a.
1201 508 1324 582 ilat),

110 604 300 678 *taudem-in
332 602 456 668 Cone.
489 602 980 688 Constantinopolitano
1004 600 1026 668 l.
1049 625 1078 673 a.
1106 608 1190 680 uel,
1212 607 1323 706 inquo

115 708 295 774 solenniter
315 708 495 794 proscripta
508 720 560 772 est
577 709 724 774 doctrina
741 707 923 772 Macedonii
943 710 980 793 ⁴),
1003 721 1036 773 et
1054 710 1227 785 delinitum,
1253 715 1323 799 spt-

114 813 214 879 ritnm
230 816 264 881 S.
285 813 430 898 ejusdem
446 835 522 878 esse
542 835 613 879 eum
638 814 738 878 Patre
763 827 796 879 et
819 814 898 879 Filio
927 825 1061 879 naturae
1092 828 1125 880 et
1149 818 1322 895 essentiae,

114 921 261 1006 aequalis
278 920 451 1004 potestatis
468 939 506 983 aa
528 919 705 1005 dignitatis,
730 938 801 983 curn
817 919 915 983 Patre
932 932 965 983 et
981 920 1063 984 Filio
1079 923 1276 987 adorandum
1293 937 1325 988 et

114 1026 432 1113 conglorificandum.
453 1025 559 1106 Quam
573 1023 790 1089 definitionem
804 1023 837 1089 in
866 1022 1002 1107 epistola
1023 1026 1064 1089 ad
1094 1024 1323 1093 Occidentales

113 1129 161 1194 ita
178 1133 478 1216 exponunt⁵):1ata
490 1132 573 1212 Mea
589 1138 656 1192 tum
672 1153 692 1192 a
710 1134 811 1203 uobis,
825 1136 1025 1202 mmuvcbic,
1047 1137 1159 1193 mmcd
1170 1140 1323 1206 omuibus,

115 1242 172 1317 qui
192 1243 321 1300 cerium
342 1257 437 1299 cerae
448 1237 526 1317 fidei
547 1255 612 1296 nou
632 1245 838 1313 pervertunt,
867 1236 1036 1314 approbari
1065 1238 1177 1314 debet;
1207 1245 1321 1320 quippo

115 1363 190 1404 cum
211 1350 244 1404 et
262 1345 545 1423 antiquissimam,
567 1349 598 1402 et
618 1343 746 1402 lauacro
758 1343 964 1421 Baptismutie
978 1347 1205 1414 consentanea,
1221 1351 1254 1406 et
1265 1366 1325 1407 uos

115 1453 230 1509 doceat
248 1453 379 1508 credere
399 1449 434 1506 iu
455 1464 568 1506 nomeu
589 1448 714 1526 Putria,
737 1445 832 1518 stat,
854 1452 886 1505 et
898 1447 1036 1523 spiritua
1062 1450 1109 1525 8.,
1132 1447 1264 1519 licceat,
1285 1454 1326 1510 iu

116 1554 404 1623 divinitatem,
435 1554 672 1631 potentium
706 1556 745 1612 et
777 1553 1060 1611 substantium
1097 1553 1255 1627 Patria,
1288 1562 1326 1615 ct

114 1657 245 1735 tttttt,
268 1662 304 1716 et
323 1659 514 1735 Spiritus
536 1661 580 1729 S„
604 1655 825 1736 aequalem
844 1655 1115 1731 dipuitatem,
1139 1667 1180 1718 et
1208 1677 1324 1720 coue-

113 1768 239 1823 ieruu
252 1780 282 1819 m
309 1779 505 1837 requam,
536 1761 571 1820 iu
599 1761 701 1820 tritus
727 1762 974 1837 perfectissimis
996 1760 1235 1839 hypostasibus,
1258 1765 1325 1823 aive

114 1871 149 1928 iu
172 1867 274 1928 critas
294 1867 604 1945 perfectisperacuia
617 1871 656 1937 ὅ).
669 1864 774 1947 Atque
797 1862 991 1946 Symbola
1013 1863 1210 1936 Nicaeno,
1241 1867 1325 1950 qnod

116 1968 321 2034 solummodo
343 1968 460 2032 nudum
482 1968 621 2033 habebat
643 1968 829 2033 articulum:
863 1973 1030 2032 Credimus
1050 1975 1085 2031 iu
1106 1974 1256 2046 Spiritum
1276 1970 1325 2043 S,

113 2073 249 2139 addidit:
279 2077 511 2154 Dominum,
541 2086 581 2136 et
611 2078 919 2154 vivificantem,
942 2095 1000 2138 ea*
1027 2081 1151 2138 Putre
1179 2095 1323 2152 proce-

112 2188 287 2255 dentem,
310 2185 349 2241 el
367 2199 454 2240 cum
475 2180 608 2242 Patre
630 2186 669 2240 et
689 2180 806 2240 F'ilio
828 2182 961 2242 simul
988 2186 1258 2242 adoraudum
1288 2189 1328 2242 et

112 2287 554 2364 conplorificuudum:
578 2288 632 2364 qui
653 2285 777 2345 locuiua
799 2291 849 2345 cst
864 2304 925 2361 per
946 2285 1121 2362 Prophetas
1145 2287 1180 2362 ⁷).
1203 2281 1240 2344 ln
1258 2282 1325 2366 qui·

112 2390 175 2454 bus
188 2387 432 2462 additamentis,
453 2387 528 2452 licet
547 2386 688 2472 Spiritus
711 2386 746 2452 S.
769 2407 928 2472 expresso
949 2386 1041 2450 Deus
1065 2387 1245 2451 nominatus
1262 2409 1326 2451 non

111 2495 176 2569 sit,
199 2515 273 2558 euru
290 2505 396 2557 temen
422 2514 533 2557 verum
556 2493 663 2557 Deum
686 2513 780 2565 esse,
803 2493 894 2558 Patri
925 2504 958 2556 et
973 2492 1055 2556 Filio
1080 2494 1257 2576 aequalem,
1282 2515 1324 2556 ex

110 2599 244 2684 aequali
266 2598 471 2673 adoratione,
494 2597 524 2661 ei
547 2597 746 2684 adjudicata,
770 2609 823 2661 sat
838 2580 981 2683 adparet.
1005 2598 1113 2663 Causa
1130 2609 1246 2672 autern,
1269 2619 1325 2662 cnr

112 2707 239 2770 Patres
258 2702 396 2768 Concilii
415 2724 434 2767 a
456 2722 538 2766 voce
560 2705 651 2766 Deus
678 2701 814 2786 Spiritui
841 2702 874 2766 S.
898 2702 930 2766 in
956 2703 1112 2788 Symbola
1137 2707 1325 2789 apponenda

114 2808 351 2883 abstinuerint,
382 2808 508 2872 videtur
532 2809 613 2873 haec
637 2807 758 2890 luisse,
780 2807 852 2892 qnia
878 2809 1187 2876 contradictionibus
1212 2822 1326 2874 eontra

119 2935 240 2979 vocem
260 2913 422 2996 ὀμοούσιος
443 2913 570 2998 experti
592 2913 729 2994 fuerant,
751 2924 888 2999 quantae
902 2913 975 2980 lites
992 2924 1124 3002 propter
1138 2918 1326 2982 vocabulum

111 3021 251 3086 excitari
279 3021 405 3104 possint
434 3042 493 3104 per
517 3041 575 3085 eos
604 3021 715 3105 ipsos,
744 3019 797 3105 qui
826 3032 991 3086 caeterum
1017 3021 1194 3086 doctrinam
1212 3044 1251 3087 eo
1270 3044 1324 3086 ex·

111 3147 264 3212 pressam
288 3127 371 3190 haud
386 3125 584 3214 impugnent.
608 3163 647 3172 -
670 3126 761 3204 Quae
778 3126 910 3190 decreta
924 3125 1060 3192 Concilii
1071 3148 1148 3192 mox
1168 3129 1207 3191 ab
1223 3129 1321 3193 ornni·

109 3234 175 3298 bus
193 3231 338 3296 Orientis
353 3231 516 3299 Ecclesiis
535 3231 711 3316 approbata
733 3241 829 3316 sunt3
852 3232 957 3296 sedet
974 3253 1037 3297 uon
1062 3234 1159 3297 multo
1189 3245 1264 3317 post
1282 3235 1321 3296 ab

111 3336 382 3407 Occidentalibus
400 3349 474 3401 sunt
486 3337 607 3425 agnita,
629 3337 674 3401 ita
692 3348 727 3400 ut
745 3336 790 3400 sie
806 3335 987 3401 Concilium
1002 3336 1077 3401 illud
1096 3335 1322 3402 Constantino·

112 3442 293 3529 politanum
320 3442 544 3507 auctoritatem
570 3441 788 3506 Conciliorurn
806 3441 1089 3506 oecumenicorum
1114 3444 1324 3516 nanciscere-

109 3562 178 3624 tur,
201 3547 376 3632 praecipue
392 3569 487 3633 quum
499 3549 769 3631 eodemtempore
789 3549 1005 3612 Damasus
1024 3548 1112 3632 Papa
1131 3549 1324 3617 commultis

114 3652 295 3740 Episcopis
310 3652 576 3719 occidentalibus*
588 3651 768 3719 Concilium
782 3652 881 3718 Rom
892 3673 937 3718 ae
952 3652 1171 3728 celebrasset,
1201 3652 1233 3716 in
1256 3673 1317 3736 quo

111 3755 322 3845 pronuntiato
340 3768 454 3822 eontra
471 3755 666 3834 sabellium,
689 3757 859 3823 Photintun
880 3770 913 3823 et
942 3757 1161 3843 Apollinarem
1196 3757 1323 3822 anathe-

148 4078 173 4144 ¹)
191 4081 276 4137 Epist
297 4079 398 4139 Suuod.
415 4077 457 4129 lb.
477 4090 500 4129 o.
519 4080 578 4130 385.

145 4165 276 4232 ²),ll'niat
299 4169 401 4228 Suuod.
419 4165 465 4223 lb.¹
478 4181 504 4219 c.
522 4167 582 4220 tat.

147 4247 173 4320 ³)
192 4254 236 4308 lb.
256 4267 281 4308 c.
299 4257 358 4307 505.
377 4262 405 4306 et
423 4259 481 4307 sot·

151 4342 176 4410 t)
196 4349 263 4397 can.
282 4349 311 4397 ι.
328 4343 370 4395 rc.
390 4343 421 4396 r.
439 4347 464 4396 a.
484 4359 509 4399 c.
528 4348 578 4396 ⁵⁵7
596 4361 620 4398 r.
638 4352 665 4396 a
686 4350 746 4399 aas.

148 4429 172 4501 ⁵)
191 4434 234 4488 ct.
254 4438 297 4486 Or.
316 4434 476 4500 Gregor.
495 4437 577 4490 Nau.
595 4440 623 4487 iu
641 4438 709 4498 son.
728 4441 782 4492 CP.
798 4442 820 4492 1.
838 4441 941 4493 tabita.
959 4435 1001 4488 lb.
1021 4451 1044 4488 c.
1062 4436 1123 4489 tto,

147 4519 172 4590 ⁶)
191 4522 232 4575 lb.
251 4537 277 4575 c.
294 4524 440 4575 585-586.

148 4611 172 4682 ⁷)
190 4611 232 4667 n.
251 4626 277 4668 c.
299 4615 444 4669 soe-soc.
