2926 5168
169 285 191 351 ’6

158 447 219 509 tur,
244 436 412 521 quominus
433 433 665 499 revelationem
698 434 844 520 rejiciat,
877 447 970 520 atque
1004 435 1108 499 dubiis
1132 436 1229 499 vanis
1253 448 1285 499 et
1308 435 1375 520 opi·

159 539 308 604 nionibus
322 540 480 614 erroneis,
503 540 543 603 ad
560 538 730 604 fallendum
750 540 959 626 compositis,
983 562 1092 605 aurem
1114 541 1277 627 praebeat.
1289 539 1375 619 Quin

159 659 257 723 frumo
290 645 373 710 fides
400 666 501 730 aeque
532 665 570 708 ac
599 643 752 718 scientia,
781 649 801 708 i.
830 666 857 708 e.
892 645 1038 710 absolute
1071 659 1162 711 certa
1193 657 1254 710 est.
1285 647 1372 710 Nam

159 743 235 815 licet
257 751 418 816 certitudo
439 749 594 814 scientiae
610 748 795 813 immediata
808 750 860 824 sit,
877 762 988 835 utpote
1011 763 1205 837 perspectae
1227 750 1375 814 internae

159 857 348 921 necessitati
379 856 504 920 innixa:
532 855 606 919 ideo
635 866 742 919 tamen
772 855 900 921 minime
932 859 1034 943 major
1065 869 1119 922 aut
1147 857 1246 921 tutior
1277 854 1377 919 statui

160 972 270 1047 potest
292 960 483 1026 certitudine
503 961 588 1035 fidei,
612 962 757 1046 quamvis
777 962 925 1037 mediata,
947 962 1101 1027 infallibili
1118 962 1244 1027 scilicet
1266 968 1377 1024 aucto·

160 1067 257 1131 ritate
281 1066 389 1130 divina
412 1065 548 1129 suffulta.
571 1065 715 1129 Scientia
739 1068 866 1151 quidem
888 1069 1046 1151 majorem
1076 1067 1227 1155 cognitae
1248 1067 1297 1131 rei
1325 1087 1377 1129 re·

162 1172 289 1235 velatae
313 1171 503 1246 claritatem,
527 1182 622 1255 atque
647 1171 742 1247 etiam
764 1173 941 1236 naturalem
960 1173 1046 1237 illam
1068 1173 1256 1238 admittendi
1279 1171 1377 1237 animi

163 1274 363 1340 alacritatem
387 1274 447 1338 sibi
470 1276 673 1358 conjunctam
695 1277 811 1352 babet;
833 1289 972 1341 attamen
996 1278 1081 1367 ignis
1103 1277 1187 1342 illius
1210 1277 1378 1352 coelestis,

163 1403 223 1467 quo
246 1401 304 1446 cor
331 1391 478 1444 nostrum
509 1379 573 1444 fide
594 1402 674 1446 vera
696 1403 734 1448 ac
756 1383 831 1446 viva
853 1383 1011 1467 repletum
1042 1384 1227 1458 incalescit,
1268 1383 1374 1448 vicem

163 1507 364 1573 nequaqnam
386 1487 529 1570 explere,
553 1499 607 1550 aut
630 1488 734 1552 eidem
758 1488 931 1574 exaequari
951 1501 1075 1573 potest;
1099 1502 1132 1554 et
1153 1489 1227 1554 binc
1249 1507 1378 1574 quoque

164 1593 257 1669 fides,
280 1592 395 1677 partim
419 1592 569 1676 quoniam
595 1591 779 1657 auctoritati
811 1591 936 1657 divinae
967 1593 1130 1668 innititur,
1164 1593 1282 1679 partim
1304 1591 1379 1678 quia

163 1720 228 1763 non
259 1708 381 1761 tantum
412 1696 614 1772 intellectus,
647 1699 704 1761 sed
736 1708 769 1760 et
797 1698 969 1762 voluntatis
1001 1710 1107 1762 motus
1131 1710 1198 1773 est,
1221 1700 1380 1783 maj0rcm

165 1802 301 1867 scientia
321 1802 387 1865 vim
415 1802 447 1867 in
478 1803 576 1866 vitam
608 1814 755 1866 nostram
777 1803 900 1878 exerit,
933 1815 965 1867 et
992 1805 1074 1888 plus,
1105 1824 1198 1890 quam
1224 1804 1305 1868 baec
1338 1805 1380 1866 ad

166 1929 275 1974 mores
297 1919 429 1972 nostros
457 1907 613 1972 voluntati
644 1907 770 1972 divinae
802 1908 1052 1973 conformandos
1084 1909 1220 1975 confert.
1250 1909 1380 1974 Bonum

167 2025 217 2079 est
239 2014 336 2089 scire,
359 2013 474 2077 melius
497 2014 643 2088 credere,
668 2013 823 2098 optimum
844 2026 1023 2100 utrumque.
1145 2010 1147 2014 '

250 2121 355 2184 Porro
379 2118 491 2183 fides
514 2119 730 2183 scientiae
753 2119 870 2184 basis
893 2132 961 2185 est
983 2140 1029 2184 ac
1050 2120 1382 2194 fundamentum,

169 2247 248 2312 quae
272 2227 311 2290 ab
333 2226 387 2289 illa
408 2224 598 2289 necessario
628 2226 805 2312 progredi,
837 2238 869 2289 et
899 2245 958 2310 per
986 2225 1073 2289 illam
1102 2227 1253 2292 continuo
1284 2225 1382 2314 dirigi

170 2333 276 2396 debet.
299 2331 368 2395 Res
391 2330 484 2405 enim,
514 2332 553 2394 de
576 2351 710 2415 quarum
732 2330 944 2417 intelligentia
966 2331 1059 2395 hicce
1082 2332 1199 2418 agitur,
1223 2331 1383 2417 ejusmodi

165 2437 251 2512 sunt,
275 2453 354 2521 quas
375 2418 469 2511 ratio,
493 2435 556 2499 sibi
577 2435 702 2512 relicta,
725 2457 884 2521 nunquam
906 2435 1082 2511 inveniret,
1115 2457 1173 2500 seu
1202 2458 1246 2502 ex
1266 2435 1383 2520 princi·

169 2541 231 2626 piis
253 2540 425 2626 perspicue
449 2541 589 2628 cognitis
613 2542 797 2605 deduceret.
821 2540 928 2618 Quare
945 2542 1181 2606 revelationem
1196 2541 1257 2606 alio
1274 2541 1383 2615 modo,

172 2666 265 2731 quam
297 2665 355 2731 per
393 2645 491 2710 fidem
521 2647 764 2731 apprehendere
796 2666 859 2710 non
887 2646 1049 2721 valemus,
1084 2658 1118 2710 et
1154 2658 1250 2733 prout
1279 2646 1386 2709 omnis

172 2763 286 2815 nostra
317 2752 474 2817 institutio
504 2764 598 2838 atque
629 2751 775 2816 educatio
807 2753 847 2815 ab
877 2751 1069 2817 auctoritate
1102 2772 1139 2816 ac
1170 2752 1234 2816 lide
1263 2751 1385 2836 incipit,

171 2856 217 2920 ita
239 2879 364 2944 quoqne
385 2858 544 2923 institutio
567 2879 606 2923 ac
628 2850 774 2923 educatio
797 2857 951 2946 religiosa
983 2859 1022 2922 ab
1045 2858 1239 2924 auctoritate
1262 2870 1295 2921 et
1320 2855 1386 2922 lide

173 2962 297 3027 initium
319 2965 424 3049 capiat
445 2986 581 3029 neeesse
604 2976 665 3028 est.
687 2965 824 3050 Insuper
846 2964 910 3028 nisi
921 2963 1143 3049 philosophica
1164 2985 1274 3028 rerum
1292 2983 1386 3028 reve·

175 3068 312 3135 latarum
335 3068 514 3156 disquisitio
543 3069 639 3133 fidem
670 3068 819 3134 continuo
848 3068 1022 3152 respiciat,
1052 3068 1221 3154 eidemque
1251 3068 1387 3132 immoto

156 3176 269 3261 'quasi
295 3177 378 3262 pede
408 3175 546 3239 insistat:
574 3175 657 3239 ratio
686 3173 779 3239 facile
807 3174 839 3237 in
870 3174 923 3238 illa
951 3172 1146 3238 instituenda
1177 3174 1312 3238 eandem
1344 3176 1387 3238 ob

172 3301 319 3364 causam,
342 3280 490 3366 quoniam
512 3300 572 3345 res
594 3279 666 3361 illae
688 3279 852 3342 naturales
875 3277 976 3362 ipsius
998 3279 1116 3343 limites
1143 3280 1387 3353 transcendunt,

179 3387 271 3473 eique
297 3386 453 3450 duntaxat
468 3406 525 3470 per
546 3385 777 3449 revelationem
795 3384 1003 3449 innotescere
1018 3397 1199 3469 potuerunt,
1223 3385 1387 3461 aberrare,

179 3506 228 3568 et,
251 3491 438 3578 phantasiae
454 3490 588 3554 fallaciis
601 3491 747 3575 decepta,
769 3489 863 3554 istius
881 3502 1031 3574 portenta
1045 3489 1176 3554 veritati
1191 3490 1388 3554 substituere

178 3610 300 3683 posset.
332 3597 424 3661 Unde
447 3595 517 3659 sine
539 3595 603 3659 lide
626 3592 761 3660 scientia
782 3594 990 3658 revelationis
1011 3615 1115 3681 neque
1139 3595 1251 3670 datur,
1284 3614 1389 3683 neque

178 3702 271 3770 firma
293 3724 332 3768 ac
355 3715 423 3767 tuta
445 3714 506 3770 est.

262 3809 411 3895 Denique
439 3808 550 3872 fides
585 3805 782 3871 absolute
814 3815 879 3871 est
900 3807 1177 3882 necessaria,
1207 3803 1391 3870 scientia

181 3926 315 3981 autem
336 3915 661 3999 haudquaquam.
692 3911 821 3976 Etenim
853 3932 934 3998 quae
956 3911 1049 3977 lleus
1072 3911 1166 3977 nobis
1188 3911 1227 3975 de
1250 3932 1287 3975 se
1309 3910 1391 3974 suis-

182 4042 243 4108 que
273 4020 437 4106 operibus,
459 4039 498 4083 ac
524 4016 698 4103 praecipue
728 4016 851 4081 naturis
880 4015 1159 4092 intellectualibus,
1191 4015 1326 4104 Angelis
1358 4027 1392 4080 et

180 4126 383 4200 hominibus,
412 4124 590 4197 revelavit,
625 4134 719 4208 atque
741 4122 893 4188 continuo
924 4143 983 4209 per
1004 4121 1185 4188 Ecclesiam
1217 4142 1309 4186 suam
1331 4142 1392 4186 nos

183 4234 307 4306 edocet,
331 4229 435 4318 quivis
465 4248 667 4316 cognoscere
689 4228 891 4316 (cognitione
915 4240 1049 4293 externa
1073 4248 1131 4292 seu
1152 4226 1324 4303 historica)
1354 4247 1394 4291 ac

182 4338 318 4403 credere
343 4348 463 4421 potest,
487 4347 521 4399 et
542 4334 637 4400 etiam
659 4345 806 4408 tenetur3
836 4336 877 4398 ad
899 4332 1066 4399 scientiam
1087 4352 1168 4396 vero
1190 4332 1305 4395 horum
1327 4352 1393 4394 om-

183 4442 289 4519 nium,
313 4443 391 4507 licet
411 4439 651 4527 imperfectam,
680 4439 774 4505 evehi
800 4437 927 4504 nonnisi
958 4438 1070 4524 paucis
1093 4434 1223 4512 electis,
1257 4437 1394 4502 naturali

180 4547 432 4636 perspicacitate
464 4548 582 4614 mentis
617 4544 782 4634 praeditis,
815 4566 853 4611 ac
874 4544 1046 4632 praecipue
1080 4541 1222 4610 uberiori
1257 4543 1394 4608 coelesti

183 4655 288 4744 gratia
308 4654 488 4733 illustratis,
512 4655 637 4733 datum,
674 4651 715 4720 ad
735 4652 913 4740 perfectam
935 4662 1041 4719 autem
1062 4649 1250 4740 pertingere
1273 4647 1393 4714 nemini
