2926 5168
1268 209 1332 276 1137

120 358 273 423 traditum
296 359 431 422 verbum
457 357 598 422 divinum
622 358 830 442 proponitur,
854 359 979 442 quando
1001 359 1033 422 in
1055 359 1332 426 Cateclrismo

121 465 241 538 Rom,
264 464 413 549 exposita
436 464 600 529 creatione
623 464 706 530 coeli
730 476 762 527 et
784 475 903 538 terrae,
926 465 1076 529 docetur:
1098 465 1332 530 Praeterea

121 572 390 651 spiritualem
410 579 607 642 maturam,
625 571 1257 653 lurtumerabilespue,lnqelom
1275 582 1329 656 qui

122 675 193 737 Deo
221 678 443 738 armatiorem
466 684 560 758 atque
577 681 787 756 assisterent,
808 683 875 757 ipse
895 699 938 738 eur
963 679 1060 741 sibilo
1089 686 1225 752 creavit,
1256 699 1335 760 quos

122 781 237 842 deinde
253 782 435 844 admirabili
450 789 574 859 qralloe
587 801 684 855 suae,
707 789 737 843 et
745 784 930 862 protestatio
944 800 1076 844 munere
1099 790 1194 845 aurit
1201 828 1213 863 ,
1241 790 1336 865 atque

123 890 250 948 ornavit
270 892 307 961 ¹).

249 989 284 1055 C.
307 990 403 1056 Ratio
428 1002 533 1055 autem
557 990 735 1055 doctrinam
759 991 843 1054 hanc
867 990 907 1052 de
930 988 1107 1054 existentia
1129 991 1331 1079 Angelorum

123 1118 164 1159 eo
188 1095 347 1160 lubentius
370 1095 525 1169 admittit,
549 1116 643 1181 quum
665 1082 743 1160 licet
770 1095 830 1159 sibi
857 1099 972 1159 relicta
994 1095 1063 1158 dari
1090 1094 1223 1179 spiritus
1244 1117 1336 1180 supe·

123 1203 231 1266 riores
253 1217 344 1267 certo
366 1223 571 1290 cognoscere
595 1215 753 1287 nequeat,
776 1202 808 1265 id
830 1214 956 1274 tamen,
979 1213 1013 1264 ut
1036 1222 1135 1286 supra
1160 1201 1228 1283 jam
1259 1198 1337 1264 iudi·

124 1306 284 1380 cavimus,
307 1306 498 1390 suspicatur.
522 1308 604 1371 Nam
623 1329 696 1370 rum
715 1328 777 1371 una
795 1307 960 1370 ambarum
979 1318 1184 1381 naturarum,
1208 1327 1251 1370 ex
1271 1305 1336 1391 qui·

124 1413 186 1476 bus
214 1414 310 1476 borno
339 1424 391 1475 est
414 1412 614 1498 compositus
622 1460 635 1494 ,
665 1434 843 1498 corporea,
874 1434 932 1498 per
967 1431 1004 1474 se
1046 1411 1217 1475 subsistat:
1240 1411 1336 1486 ratio,

125 1518 224 1582 etiam
244 1518 395 1593 alteram,
418 1518 617 1604 spiritualem
638 1517 807 1593 videlieet,
832 1539 891 1603 per
911 1538 948 1582 se
966 1516 1164 1593 subsistere,
1195 1537 1258 1580 non
1283 1516 1338 1580 im·

125 1622 283 1708 probabili
300 1622 443 1687 illatione
462 1621 599 1707 conjicit.
625 1660 661 1670 -
685 1624 779 1686 Haud
801 1622 1013 1707 improbabile
1035 1643 1135 1708 porro
1160 1633 1220 1696 est,
1244 1642 1340 1705 quum

126 1729 264 1793 muudus
279 1728 457 1810 corporalis
476 1750 538 1791 non
558 1729 670 1805 unico,
694 1731 751 1792 sed
764 1729 873 1795 multis
894 1741 1022 1793 constet
1037 1749 1147 1791 rerum
1171 1727 1338 1791 ordinibus

127 1855 186 1900 seu
206 1832 390 1918 speciebus,
407 1855 488 1919 quae
502 1854 520 1896 a
541 1832 643 1898 minus
659 1835 813 1919 perfectis
829 1836 868 1898 ad
879 1832 1096 1919 perfectiores
1108 1835 1295 1907 ascendunt,
1308 1844 1341 1895 et

126 1938 220 2025 quasi
228 1937 474 2002 continuaserie
484 1938 668 2015 decurrunt,
673 1941 805 2025 junctae
814 1939 1044 2005 interinvicem
1055 1938 1241 2006 arctissimo
1253 1960 1339 2003 nexu

126 2043 382 2131 progressionis,
405 2064 510 2129 neque
528 2066 662 2131 reguum
679 2044 846 2129 spirituale
864 2067 925 2109 uno
946 2057 1068 2109 lautum
1091 2045 1260 2130 spirituum
1286 2065 1341 2129 ge·

127 2170 206 2214 nere
224 2170 282 2212 seu
297 2149 427 2222 ordine,
451 2147 647 2233 quiiusuper
660 2171 699 2212 ue
718 2171 776 2234 per
795 2172 832 2214 se
849 2152 977 2236 quidem
993 2152 1083 2215 solus
1100 2150 1266 2235 persistat,
1288 2151 1342 2213 ab·

129 2255 233 2329 solvi,
257 2256 315 2318 sed
336 2255 419 2339 quod
444 2254 475 2317 iu
505 2255 621 2318 nruudo
643 2255 776 2339 physico
800 2257 1026 2336 observamus,
1050 2256 1148 2320 etiam
1163 2255 1195 2319 in
1224 2255 1341 2319 mundo

129 2358 288 2446 spirituali
309 2359 466 2432 obtinere,
491 2370 523 2421 et
537 2358 793 2424 itaintervallum
815 2361 899 2425 inter
920 2363 1037 2436 Deum,
1061 2360 1208 2445 spiritum
1224 2381 1342 2445 supre-

128 2486 224 2538 mum,
235 2475 267 2527 et
276 2464 361 2528 inter
373 2462 531 2538 homiues,
540 2463 591 2548 qui
602 2463 632 2527 in
642 2464 750 2528 infimo
767 2476 900 2529 naturae
917 2464 1084 2529 rationalis
1105 2465 1209 2554 gradu
1219 2465 1340 2531 consti·

130 2570 189 2635 tuti
201 2581 288 2651 sunt,
301 2567 467 2653 spiritibus
477 2568 727 2654 perfectioribus
742 2568 804 2633 illis
814 2571 1048 2655 quodammodo
1058 2569 1185 2656 repleri.
1196 2607 1237 2617 —
1246 2569 1342 2634 Deni-

129 2696 191 2762 que
210 2677 303 2740 Deus
322 2675 474 2738 mundum
498 2676 639 2739 creando
658 2695 695 2737 se
713 2675 753 2737 ad
771 2687 866 2738 extra
884 2675 1093 2739 manifestare
1109 2675 1225 2752 voluit,
1249 2677 1293 2741 ita
1311 2689 1344 2740 ut

128 2783 183 2847 hic
197 2780 300 2866 ipsius
314 2781 494 2865 perfectum
513 2778 637 2842 ἔκτυπον
661 2780 801 2854 existat3
825 2792 858 2844 et
877 2780 952 2846 hinc
969 2801 1033 2844 non
1052 2795 1192 2866 possunt
1206 2783 1237 2846 in
1257 2805 1344 2846 mun·

130 2888 171 2951 do
194 2887 313 2950 deesse
332 2897 467 2949 naturae
485 2906 564 2970 pure
581 2885 786 2971 spirituales,
810 2908 905 2971 quum
924 2906 1021 2949 secus
1033 2899 1125 2951 recte
1142 2886 1343 2972 perfectissi-

131 3013 204 3069 ma,
227 3013 309 3078 quae
333 2991 402 3055 dari
433 3002 559 3076 potest,
588 2990 651 3054 Dei
680 2989 789 3078 imago
825 2991 857 3055 in
886 3011 996 3055 rerum
1025 3003 1139 3055 natura
1178 2991 1342 3056 desidera·

130 3109 223 3162 retur
247 3096 285 3182 ²).

218 3205 384 3267 Observ.
407 3201 493 3280 Quod
513 3206 634 3263 illorum
654 3205 835 3262 sententiam
856 3205 983 3273 attinet,
1016 3206 1065 3282 qui
1091 3215 1207 3282 putant,
1231 3206 1342 3264 doctri·

132 3332 203 3372 nam
222 3312 258 3370 de
277 3312 396 3370 diabolo
417 3320 447 3369 et
460 3311 656 3369 daemonibus
670 3310 781 3368 rationi
798 3328 986 3387 repugnare:
1009 3312 1227 3381 observamus,
1251 3312 1346 3370 notio·

133 3438 202 3478 nem
220 3413 359 3476 biblicam
376 3417 487 3494 Angeli
517 3435 572 3474 sua
593 3417 679 3493 culpa
705 3417 777 3474 mali
808 3417 909 3475 effecti
928 3426 989 3474 tam
1009 3436 1113 3493 parum
1141 3419 1267 3488 rationi,
1298 3418 1346 3475 rel

132 3526 234 3602 potius
255 3524 410 3583 sanctitati
429 3541 463 3581 ae
480 3523 659 3600 benignitati
678 3522 797 3580 divinae
814 3522 989 3591 adversari,
1014 3542 1101 3599 quarn
1131 3541 1237 3599 parum
1261 3522 1344 3579 notio

132 3631 264 3690 hominis
281 3631 422 3706 perversi
438 3631 496 3688 sibi
514 3636 681 3705 repugnat,
705 3635 734 3686 et
753 3626 821 3687 ideo
847 3629 988 3696 minime,
1019 3636 1051 3685 ut
1074 3629 1119 3686 illi
1142 3628 1343 3720 praecipiunt,

136 3839 391 3858 μ

134 3984 162 4035 p.
180 3967 213 4018 te
231 3981 258 4020 s.
275 3991 307 4007 -
327 3963 494 4016 Ambros.
513 3966 600 4022 Epist.
618 3966 669 4015 20.
687 3980 712 4014 n.
740 3967 788 4014 15.
814 3962 885 4029 Opp.
913 3962 944 4013 Τ.
964 3964 990 4014 2.
1010 3977 1035 4014 e.
1055 3964 1116 4013 856.
1143 3966 1200 4013 etc.
1228 3988 1260 3997 —
1285 3964 1345 4012 ba·

136 4063 248 4110 etant.
267 4060 330 4108 Diu.
348 4059 431 4108 instit.
451 4059 469 4104 1.
489 4060 517 4106 2.
537 4071 561 4103 r.
583 4058 609 4102 9.
629 4054 699 4119 Opp.
720 4055 752 4104 Τ.
774 4056 796 4103 1.
817 4069 842 4119 p.
863 4053 911 4103 113
931 4068 957 4104 s.
976 4080 1008 4088 —
1027 4050 1275 4116 augustinos
1294 4052 1347 4103 eir.

136 4152 171 4199 ll.
191 4150 210 4201 1.
229 4150 256 4196 8.
277 4163 303 4198 e.
323 4148 371 4196 22.
389 4143 460 4210 Opp.
480 4143 512 4194 Τ.
530 4146 556 4193 7.
575 4156 600 4194 c.
619 4145 670 4194 299
689 4158 713 4192 s.
733 4149 787 4193 ete.
807 4170 839 4178 —
856 4141 974 4193 Hilar.
995 4143 1025 4192 lu
1043 4145 1087 4191 Ps.
1109 4144 1217 4193 129.η.
1234 4144 1258 4189 7.
1275 4136 1347 4204 opp.

138 4238 171 4289 Τ.
192 4238 215 4286 1.
234 4249 258 4286 e.
277 4235 393 4286 392111
413 4233 465 4284 rel.
485 4246 559 4283 οιιιιι.

172 4329 196 4386 ¹)
214 4324 270 4377 Ed,
288 4324 390 4373 Vienn.
411 4324 485 4373 1833.
505 4336 530 4386 p.
549 4324 591 4372 23.

172 4407 195 4481 ξ)
216 4413 257 4464 cr.
285 4413 315 4463 S.
340 4413 387 4462 ΤΙι
400 4427 416 4462 o
431 4427 466 4462 ιιι.
496 4416 524 4462 1.
543 4429 566 4474 p.
594 4416 642 4461 50.
666 4429 691 4461 o.
712 4415 739 4463 r.
758 4407 803 4471 91
809 4410 1030 4474 deamones,
1048 4402 1349 4474 btttiglonspbituloplrie.

136 4497 208 4556 393.
229 4503 372 4554 1817-21.
391 4504 416 4553 3.
435 4497 471 4553 a.
490 4516 517 4567 p.
535 4503 584 4552 291
605 4514 632 4551 s.
669 4528 692 4537 -
721 4493 835 4566 393199.
866 4492 1079 4565 ιίιιιαιϊαῐῐᾶιτίῐῐ.
1104 4497 1136 4558 3.
1167 4496 1242 4547 leta.
1270 4493 1337 4562 tt)

138 4609 167 4662 p.
186 4596 245 4646 227.
