2926 5168
130 356 219 420 diste
241 355 399 432 effectam,
422 356 468 421 uti
490 356 737 442 sapientiam.¹),
760 356 858 422 animi
880 357 1098 423 fortitudinem
1121 361 1161 441 ²),
1184 363 1287 427 robur
1302 373 1342 439 ³),

129 461 353 544 ἐνθουσιασμόν
377 469 416 538 ⁴).
445 465 598 527 Attamen
627 462 659 527 iu
690 463 877 548 plerisque,
909 464 1084 549 praecipue
1113 467 1153 530 N.
1188 467 1231 535 Τ.
1261 469 1343 534 locis

130 568 283 653 Spiritus
305 570 341 634 S.
371 591 430 635 seu
459 569 600 656 Spiritus
627 569 690 633 Dei
721 571 836 633 eodem
866 591 1004 653 prorsus
1035 573 1147 645 modo,
1179 585 1216 636 ut
1243 571 1343 655 Λόγος

130 674 226 739 vivus
249 694 287 738 ac
309 696 367 761 per
389 696 426 739 se
449 674 632 738 subsistens
656 675 845 749 exhibetur,
867 675 913 739 ita
941 687 976 740 ut
1004 698 1068 741 uon
1091 675 1258 762 sitneque
1281 677 1343 741 vir·

128 792 195 853 tus,
216 800 320 865 neque
355 778 508 853 effectus,
539 779 598 843 sed
628 780 829 865 suppositum
858 801 1008 865 operans,
1032 801 1052 843 a
1081 782 1179 846 Patre
1207 795 1241 846 et
1260 781 1343 846 Filio

129 885 328 960 distinctum,
346 888 438 970 cujus
454 885 586 970 propria
602 896 653 949 est
668 885 884 950 sanctificatio
906 897 940 949 ct
957 887 1187 969 commuuiot).
1209 886 1342 952 iuterim

129 1012 211 1056 vero
232 990 363 1056 bicloci
379 1002 524 1055 nontam
542 992 582 1055 de
600 991 743 1075 Spiritus
763 993 798 1055 S.
817 991 983 1076 personali
1001 992 1223 1071 subsistentia,
1246 1016 1342 1078 quam

128 1099 170 1161 de
194 1117 234 1160 eo
256 1095 373 1184 agitur,
397 1095 553 1181 Spiritum
576 1097 628 1170 8.,
661 1107 820 1182 quatenus
842 1108 993 1181 tanquam
1016 1119 1074 1183 per
1096 1119 1133 1162 se
1157 1099 1342 1165 subsistens

128 1201 222 1268 Patri
245 1213 278 1266 et
298 1201 380 1266 Filio
398 1201 587 1286 opponitur,
619 1224 696 1267 esse
716 1223 830 1267 verum
847 1202 970 1277 Deum,
1001 1202 1092 1267 Patri
1115 1214 1148 1267 et
1168 1203 1251 1268 Filio
1267 1225 1343 1269 con·

126 1306 383 1380 substantialem,
394 1308 601 1392 ejusdemque
611 1327 683 1373 cum
696 1307 793 1372 Patre
803 1319 836 1371 et
844 1306 925 1371 Filio
935 1307 1115 1392 majestatis
1126 1321 1159 1371 et
1168 1309 1343 1395 dignitatis.

213 1411 420 1498 Spiritum
437 1413 472 1475 8.
487 1410 614 1476 Deum
633 1432 775 1476 verum
793 1433 896 1487 esse,
918 1432 960 1477 ex
975 1413 1038 1476 SS.
1052 1412 1190 1478 Litteris
1207 1433 1341 1498 sequen-

126 1515 214 1582 tibus
230 1517 433 1604 argumentis
449 1519 613 1602 probatur.
629 1518 675 1582 lit
693 1517 821 1603 quidem

214 1623 244 1689 1.
267 1623 300 1687 id
313 1624 383 1706 jam
401 1643 445 1688 ex
458 1622 570 1687 verbis
585 1621 752 1686 Christi
765 1621 853 1685 clare
871 1621 1044 1711 colligitur,
1068 1621 1181 1708 quibus
1202 1624 1340 1707 Aposto-

126 1730 178 1792 los
200 1727 232 1792 in
254 1727 442 1793 universum
469 1733 580 1792 orbem
602 1727 783 1815 ablegavit,
815 1729 855 1791 ad
885 1747 997 1791 omnes
1020 1738 1138 1814 gentes
1161 1726 1341 1792 doctrinam

127 1852 221 1896 suam
245 1834 446 1907 edocendas,
470 1845 504 1897 et
523 1853 582 1918 per
602 1830 806 1916 Baptismum
835 1831 867 1895 iu
890 1831 1076 1897 Ecclesiam
1098 1830 1340 1905 adscribendas,

125 1949 222 2022 atque
245 1936 308 2006 ait:
330 1939 456 2001 mantea
476 1941 584 2002 docete
606 1958 713 2000 omues
732 1945 868 2018 oratos,
897 1939 1175 2016 baptizantes
1204 1958 1277 1999 sos
1298 1941 1342 1998 in

125 2044 482 2116 nominsPairis,
513 2043 695 2122 etlttttt,
726 2050 767 2105 et
791 2047 991 2122 Spiritus
1010 2048 1043 2105 S.
1066 2048 1106 2115 ⁸).
1129 2039 1214 2103 Nam
1234 2038 1339 2123 primo

125 2148 158 2211 iu
181 2145 284 2210 bocce
306 2148 379 2211 loco
401 2146 544 2232 Spiritus
565 2147 601 2211 S.
624 2166 696 2211 cum
719 2146 817 2210 Patre
846 2158 880 2210 et
911 2143 991 2209 Filio
1013 2142 1219 2218 nominatur,
1253 2155 1286 2208 et
1307 2144 1340 2207 in

127 2272 225 2315 unum
255 2250 343 2315 velut
371 2251 504 2317 honoris
532 2272 571 2315 ac
599 2250 765 2338 diguitatis
796 2249 998 2315 consortium
1026 2247 1223 2333 adjungitur,
1256 2251 1339 2334 quod

125 2354 219 2419 nefas
241 2355 335 2430 foret,
357 2355 513 2442 siquidem
531 2366 682 2421 creatura
699 2366 790 2418 esset
806 2354 947 2440 Spiritus
963 2355 1008 2417 S..
1024 2351 1151 2417 Deinde
1173 2355 1339 2438 baptizare

126 2480 171 2523 ex
192 2458 341 2524 doctrina
363 2459 399 2527 S.
422 2460 611 2546 scripturae
634 2466 665 2523 in
688 2459 817 2524 nomine
839 2459 947 2524 Patris
968 2460 1053 2525 idem
1075 2471 1148 2534 est,
1179 2480 1219 2524 ac
1240 2460 1338 2524 cultui

124 2563 283 2652 religioso
305 2563 415 2629 Patris
443 2564 571 2629 initiare
594 2574 640 2643 ⁷),
669 2566 825 2651 simulque
857 2577 963 2630 autem
993 2565 1063 2648 ejus
1085 2565 1191 2652 gratia
1214 2585 1251 2630 ac
1274 2564 1337 2628 vir·

125 2680 195 2733 tute
217 2690 237 2733 a
264 2670 409 2753 peccatis
437 2671 570 2735 abluere
602 2693 661 2737 seu
682 2691 883 2759 regenerare
903 2670 941 2752 0).
974 2670 1081 2749 Quum
1102 2681 1210 2735 autem
1226 2672 1340 2754 jubea-

124 2797 198 2839 mur
220 2795 240 2839 a
260 2774 394 2840 Christo
415 2776 554 2841 Domino
577 2797 680 2863 aeque
701 2776 733 2840 iu
760 2776 889 2841 nomine
910 2775 982 2840 Filii
1003 2786 1037 2840 et
1059 2775 1201 2861 Spiritus
1224 2777 1276 2857 8.,
1297 2795 1338 2840 ac

122 2880 235 2947 Patris
257 2880 430 2966 baptisari:
452 2881 522 2968 pari
545 2884 658 2957 modo,
690 2898 788 2969 prout
809 2883 938 2957 Patris,
960 2881 1005 2946 ita
1027 2893 1060 2945 et
1079 2881 1152 2945 Filii
1174 2903 1212 2947 ac
1235 2881 1337 2965 Spiri-

122 2998 178 3051 tus
201 2987 236 3050 S.
257 2987 356 3051 cultui
379 2987 486 3052 divino
517 3009 577 3072 per
597 2988 800 3074 Baptismum
830 2987 1067 3074 mancipamur,
1098 2998 1195 3072 atque
1217 2987 1337 3051 virtute

121 3091 198 3156 Filii
220 3102 253 3156 et
284 3091 424 3177 Spiritus
457 3094 492 3156 8.
526 3115 589 3158 uon
620 3092 724 3158 minus
756 3115 794 3160 ac
816 3093 924 3158 Patris
954 3093 1113 3158 abluimur
1134 3104 1169 3156 et
1188 3092 1348 3156 renasci·.

121 3216 218 3282 mur3
241 3207 274 3260 et
293 3197 379 3274 binc,
401 3219 473 3263 cum
495 3199 612 3286 religio
634 3199 762 3264 nonnisi
785 3202 858 3264 Deo
881 3198 988 3286 possit
1007 3197 1166 3272 exbiberi,
1189 3208 1223 3260 et
1243 3195 1336 3280 spiri·

120 3302 219 3368 tualis
232 3300 371 3370 bominis
386 3304 593 3390 regeneratio
615 3304 743 3369 nonnisi
770 3303 875 3369 divina
897 3304 1017 3369 virtute
1039 3324 1078 3369 ac
1100 3303 1206 3390 gratia
1227 3301 1335 3387 possit

157 3524 182 3582 ¹)
200 3522 295 3574 exod,
313 3523 356 3582 31,
374 3523 400 3574 3.

157 3614 184 3671 ²)
202 3611 270 3664 iud.
288 3613 315 3674 a,
333 3612 376 3666 st.

154 3691 181 3762 ³)
199 3701 268 3752 Jud.
288 3701 329 3762 11,
346 3703 374 3753 6.
393 3704 434 3754 19.
456 3701 497 3763 13,
518 3701 558 3752 u.

154 3787 183 3851 ¹⁰)
200 3791 304 3843 atarto.
323 3791 365 3850 12,
383 3792 427 3842 28.
445 3789 514 3842 coll.
530 3791 602 3842 Luc.
622 3790 663 3852 11,
681 3793 724 3845 20.

155 3875 183 3940 ⁵)
200 3881 365 3940 3111111211,
387 3881 426 3931 to.
444 3879 528 3931 Joan.
549 3881 594 3940 11,
614 3879 655 3931 16.
675 3882 716 3930 17.
734 3882 777 3932 26.
797 3881 845 3939 tt,
862 3881 905 3932 26.
927 3883 976 3942 16,
1006 3883 1033 3932 7.
1049 3882 1076 3932 8.
1097 3881 1205 3933 13-16.
1225 3883 1250 3931 1.
1268 3881 1334 3933 Gor.

121 3971 165 4030 12,
182 3969 260 4018 11-6.
278 3969 371 4018 7-11·
390 3970 414 4017 2.
435 3967 502 4019 Cor.
523 3969 572 4027 13,
601 3969 641 4019 13.
661 3971 685 4020 1.
703 3969 811 4020 Thess.
827 3970 861 4029 2,
888 3971 927 4020 12.
951 3969 1061 4036 Ephes.
1084 3969 1119 4030 b,
1142 3971 1186 4020 30.
1209 3979 1235 4024 1·
1255 3972 1334 4023 Petr.

121 4061 147 4119 1,
166 4059 193 4109 2.
211 4057 313 4108 Mattb.
330 4058 357 4116 3,
377 4058 416 4110 16.
434 4057 525 4108 Mare.
546 4059 569 4116 1,
590 4059 621 4108 111
639 4072 664 4108 s.
681 4058 752 4109 Luc.
771 4058 796 4116 3,
814 4059 857 4109 22.
877 4059 957 4108 ioan.
979 4061 1002 4118 1,
1020 4059 1062 4108 32.
1080 4059 1123 4108 33.
1138 4058 1201 4109 Aut.
1219 4059 1245 4117 2,
1263 4059 1290 4109 3.
1308 4058 1334 4110 l.

154 4137 180 4211 ⁶)
196 4145 300 4196 Marto.
318 4145 362 4205 28,
383 4148 425 4197 111.

154 4230 178 4298 ⁷)
197 4231 345 4299 Significat
363 4233 474 4300 quidem
493 4233 579 4284 illud:
598 4236 627 4286 in
644 4238 750 4288 somine
768 4237 886 4296 attoarios
904 4238 1061 4301 baptisare,
1088 4237 1172 4293 ctiam
1192 4236 1227 4288 ad
1246 4237 1333 4303 proti·

118 4321 236 4374 tendam
254 4322 389 4373 traditam
401 4322 435 4374 ab
455 4323 504 4376 illo
522 4322 588 4373 fidei
606 4323 764 4376 doctrinam
780 4323 972 4389 obstringere,
992 4329 1024 4376 ut
1041 4328 1105 4381 Aet,
1125 4327 1166 4386 111,
1184 4326 1209 4377 b.
1222 4327 1248 4378 1.
1263 4326 1330 4378 Gor.

120 4411 190 4471 1,13.
202 4411 277 4470 11121
286 4411 610 4478 quamslgnitieatiouem
617 4418 708 4464 tamen
716 4413 744 4464 in
752 4411 816 4466 loco
825 4418 926 4466 nostro
934 4413 1333 4480 materiasuhstrataresputt.

150 4492 177 4562 8)
196 4498 239 4551 (tt.
258 4498 341 4555 Joau.
358 4502 384 4566 3,
403 4503 581 4555 6-6.1111111.
599 4502 625 4562 6,
645 4505 671 4555 t.
691 4504 715 4555 1.
735 4502 799 4559 Cor,
816 4505 842 4564 6,
863 4507 903 4557 11.
923 4505 974 4573 12,
1005 4507 1052 4558 13.
1077 4505 1104 4559 2.
1122 4503 1227 4557 Thess.
1244 4506 1272 4566 2,
1291 4505 1332 4557 12.

119 4586 221 4650 Tim,
237 4589 316 4643 ini.
