2926 5168
123 175 186 240 216

123 325 248 408 litas3
277 342 410 407 quarum
438 322 491 386 illa
517 332 650 386 nostrae
667 319 763 396 fidei,
785 320 866 383 baec
893 340 973 384 vero
999 320 1069 406 spei
1094 321 1328 385 fundamentum

123 440 184 502 est,
208 439 241 491 et
260 427 334 490 ideo
354 414 530 512 specialem
553 425 749 490 mentionem
771 437 947 490 merentur.

207 534 275 596 Sub
300 530 544 608 veracitate,
568 551 648 616 quae
671 530 963 595 sinceritatem
985 534 1109 617 quoque
1131 530 1280 606 includit,
1301 531 1335 595 in

123 636 195 700 Deo
214 635 422 721 intelligimus
439 635 808 721 perfectissimam
831 637 1161 700 consensionem
1185 657 1337 714 eorum,

125 761 229 826 quae
253 741 367 804 Deus
389 739 670 819 manifestat,
693 760 782 805 cum
805 743 894 826 ejus
916 739 1260 826 perfectissima
1282 742 1344 804 in-

123 845 378 932 telligentia
400 865 445 910 ac
467 845 715 917 voluntate,
747 865 806 908 seu
836 845 949 908 illam
981 845 1221 909 absolutam
1245 865 1346 930 per-

123 949 371 1022 fectionem,
403 969 499 1034 qua,
534 968 808 1032 quaecunque
837 950 949 1013 Deus
980 948 1204 1035 patefacit,
1246 971 1348 1013 cum

123 1056 211 1138 ejus
236 1052 507 1118 omnisciaac
529 1052 862 1137 sapientissima
885 1055 1152 1142 cognitione,
1177 1066 1345 1119 etcum

122 1159 288 1244 ipsius
311 1157 611 1223 sanctissimis
644 1157 900 1222 consiliis
923 1159 1162 1224 omnimode
1185 1180 1345 1225 conve-

123 1263 250 1329 niunt.
277 1263 343 1327 Pro
364 1263 426 1327 boc
450 1261 558 1348 itaque
587 1263 740 1327 attributo
767 1264 858 1326 Deus
891 1264 933 1327 nil
954 1262 1127 1349 patefacit,
1157 1263 1222 1329 uisi
1252 1265 1346 1350 quod

121 1368 193 1453 ipse
211 1388 324 1432 verum
343 1366 516 1454 cognoscit
533 1388 571 1432 ac
592 1367 676 1443 vult,
708 1369 853 1452 adeoque
872 1369 957 1452 quod
973 1368 1034 1431 sibi
1054 1370 1219 1454 rebusque
1239 1382 1343 1434 extra

123 1493 159 1536 se
182 1484 233 1536 est
254 1471 612 1545 convenientissimum,
641 1492 701 1535 seu
723 1472 808 1556 quod
827 1472 858 1535 in
886 1494 923 1535 se
943 1484 995 1535 est
1018 1472 1237 1537 verissimum.
1271 1474 1340 1537 Per

123 1576 332 1640 veracitatem
349 1597 368 1638 a
385 1575 458 1639 Deo
476 1597 570 1640 omne
591 1576 789 1640 mendacium
808 1597 846 1640 ao
873 1576 1010 1665 falsum,
1034 1576 1204 1662 omnisque
1224 1577 1333 1641 illusio

122 1702 160 1744 ac
180 1681 325 1766 deceptio
346 1702 482 1765 prorsus
501 1680 698 1757 excluditur,
730 1693 825 1767 atque
843 1681 969 1755 omnia,
994 1692 1059 1744 tum
1077 1702 1158 1766 quae
1179 1683 1277 1748 docet
1297 1703 1333 1748 ac

120 1784 287 1870 praecipit,
309 1796 376 1847 tum
392 1805 475 1869 qnae
496 1784 652 1869 promittit
669 1804 707 1848 ac
727 1785 874 1857 minatur,
897 1785 1044 1849 absolute
1066 1807 1147 1850 vera
1166 1799 1251 1852 sunt.

202 1889 407 1953 Fidelitas
438 1900 546 1952 autem
580 1889 612 1953 in
648 1889 718 1952 Deo
752 1902 830 1953 est
860 1902 1068 1954 constans
1091 1892 1329 1956 acimmnta·

120 1995 223 2058 bilis
247 1996 338 2079 ejus
360 1994 562 2058 voluntas
585 1994 787 2058 servandi
809 1995 1033 2078 promissa,
1056 2017 1115 2060 seu
1138 2008 1211 2061 est
1233 1998 1328 2062 illud

121 2101 363 2163 absolutum
393 2098 659 2172 attributum,
690 2119 761 2183 quo
795 2097 928 2172 Deus,
961 2099 1164 2185 quidquid
1187 2100 1328 2186 promi·

122 2204 188 2281 sit,
212 2215 279 2267 aut
299 2202 476 2266 minatus
498 2214 573 2277 est,
597 2213 844 2266 constanter
867 2222 911 2266 ac
934 2216 1083 2267 exacte
1106 2207 1329 2291 exequitur.

246 2310 286 2373 Α.
308 2307 347 2370 ln
371 2310 433 2372 SS.
455 2306 639 2371 Litteris
661 2305 872 2370 veracitatem
894 2307 966 2372 Deo
996 2308 1162 2394 sequentia
1193 2310 1329 2375 tribuunt

121 2416 232 2479 loca:
263 2422 349 2476 Non
372 2427 435 2476 est
456 2422 565 2475 Deus
587 2419 712 2495 quusi
742 2415 877 2487 borno,
912 2421 952 2475 ut
981 2419 1230 2478 merttiatur:
1259 2436 1328 2479 areo

122 2527 167 2581 ut
188 2521 321 2600 silius
351 2522 547 2596 bortrinis,
577 2523 845 2581 attentetur.
876 2519 1010 2580 mett
1034 2541 1150 2599 erqo,
1182 2530 1229 2583 et
1257 2541 1328 2583 non

120 2623 1328 2707 farietttorutusesr,etaonimptetic1)?-Qutareotum

122 2738 183 2791 est
202 2732 369 2791 uerbum
388 2730 569 2805 Domini,
592 2734 634 2788 et
654 2734 792 2788 omnia
815 2749 935 2806 opero
956 2733 1045 2806 ejtts
1066 2733 1110 2790 itt
1126 2731 1240 2809 side,
1261 2728 1280 2793 i.
1302 2749 1326 2792 e.

122 2835 206 2918 quod
228 2832 387 2897 Dominus
418 2830 511 2905 dicit,
544 2850 657 2893 verum
680 2843 750 2904 est,
780 2842 813 2893 et
844 2831 914 2915 ipse
942 2831 975 2894 in
996 2829 1146 2895 omuibus
1177 2843 1245 2897 stat
1266 2833 1327 2897 suis

121 2934 293 3022 promissis
317 2937 351 3020 ²).
376 2936 412 2998 ln
436 2956 498 3020 quo
515 2937 599 3010 loco,
622 2937 890 3020 quemadmodum
912 2935 943 2999 in
961 2936 1177 3020 praecedenti,
1196 2940 1237 3003 de
1258 2938 1326 3003 fide·

122 3042 211 3106 litate
235 3063 359 3128 quoque
382 3041 445 3105 Dei
473 3061 581 3104 sermo
605 3052 665 3105 est.
688 3077 724 3089 -
745 3045 929 3125 Eloquia
949 3044 1131 3123 Domini,
1161 3046 1327 3125 eloquio

121 3158 252 3213 easta:
275 3156 489 3226 arpentum
513 3153 608 3227 ique
629 3152 924 3222 ematnivtatum,
943 3155 1165 3226 probatum
1186 3161 1325 3222 terrae,

118 3262 339 3335 perpetum
368 3259 606 3333 septuplum
638 3252 674 3336 3).
706 3289 746 3298 -
780 3258 922 3315 Orrtnes
953 3257 1044 3314 viae
1076 3252 1203 3340 (leges)
1234 3274 1326 3317 enoc

120 3363 277 3420 veritas
296 3360 334 3438 ⁴)·
359 3393 398 3404 -
422 3356 494 3432 Qut
514 3362 625 3420 arisit
653 3380 717 3429 me,
744 3355 788 3418 ait
810 3355 1033 3430 Christus,
1057 3377 1187 3419 aarum
1210 3366 1274 3422 est
1292 3358 1322 3441 Ι).

121 3462 371 3546 Apostolus:
399 3462 494 3524 ltrt
522 3470 626 3524 aulem
654 3463 769 3523 Deus
797 3482 950 3523 veras:
978 3465 1080 3522 omnis
1108 3468 1214 3524 autem
1245 3465 1324 3524 bomo

121 3568 259 3628 mendam
276 3564 315 3648 ⁶).
340 3602 381 3613 -
407 3567 498 3642 Quae
519 3571 655 3646 (aquilio
675 3570 834 3640 veritatis)
855 3567 1029 3628 renuardum
1048 3571 1199 3644 pietatem
1228 3571 1322 3628 esttn

119 3692 207 3748 spem
228 3676 312 3734 vitoe
333 3679 487 3733 aeternae
518 3670 552 3756 (i.
583 3691 610 3735 e.
640 3690 721 3756 quae
743 3671 783 3732 ad
805 3689 918 3732 verum
947 3669 1010 3732 Dei
1032 3669 1152 3733 cultum
1175 3667 1318 3754 perducit,

121 3793 164 3836 ex
186 3794 247 3857 quo
269 3775 362 3838 nobis
381 3776 541 3859 speranda
555 3773 690 3839 offertur
707 3774 774 3838 vita
789 3786 948 3849 aeterna),
971 3795 1066 3857 quam
1082 3781 1239 3855 promisit,
1261 3775 1318 3859 qni

130 3988 404 4005 Μ

159 4090 182 4156 1)
200 4090 282 4144 uunr.
301 4093 344 4153 aa,
365 4094 405 4144 ro.

157 4173 182 4240 ²)
198 4179 249 4229 Ps.
268 4181 312 4241 32,
331 4180 359 4231 q,

157 4259 182 4333 ³)
199 4269 249 4319 ns.
268 4271 309 4328 n,
328 4270 353 4321 7.

159 4356 185 4419 ¹⁶)
203 4359 254 4410 Ps.
274 4360 332 4418 tte,
353 4361 410 4409 151.

158 4440 183 4506 ὅ)
202 4447 284 4497 roan.
302 4448 328 4507 s,
346 4449 387 4497 aa.
408 4445 451 4499 cs.
471 4451 512 4509 17,
534 4450 571 4498 tv.
590 4451 615 4512 a,
634 4452 677 4501 aa.
697 4451 738 4511 m,
756 4453 781 4500 o.

157 4527 182 4598 ⁶)
200 4537 285 4587 nont.
301 4538 327 4598 3,
345 4537 369 4588 b.
