2926 5168
160 206 244 291 Ἡ

161 384 298 437 nec-non
316 364 576 453 Augustinus
595 367 631 452 ί).
653 367 755 431 Juxta
774 377 912 433 mentem
930 366 1065 452 hujusce
1084 369 1121 438 Β.
1139 367 1253 446 Patris
1272 393 1363 438 mun·

160 479 219 540 (lus
238 473 342 560 primo
358 471 490 536 instanti
512 489 639 557 unoque
657 472 759 536 verbo
774 483 905 537 creatus
928 471 996 548 iuit,
1018 474 1145 564 integro
1175 497 1237 543 suo
1253 489 1364 561 ornatu

158 579 323 667 perlectus
354 575 561 660 et·pulcl1er;
584 596 697 642 verum
719 577 806 642 illum
826 578 955 643 nonnisi
978 599 1038 664 per
1054 591 1167 665 partas
1187 585 1363 664 secundun

159 685 222 753 se'x
238 685 369 750 diversa
384 703 492 748 rerum
507 693 690 749 creatarum
715 703 840 772 genera
855 695 1082 773 cognoverunt
1096 685 1241 775 Angeli,
1252 697 1286 752 et
1302 687 1362 774 ιμ’·

159 792 231 856 dem
250 788 397 875 quemvis
415 797 540 873 partem
557 786 661 873 primo
681 786 712 851 in
734 789 877 854 essentia
888 789 1004 867 div'ius,
1022 802 1055 856 et
1071 791 1361 860 deiuinrerumua·

156 908 228 961 tura
237 894 411 966 intuentes,
434 904 629 980 quapropter
638 903 670 957 et
687 892 905 980 cognitionem
912 894 1066 981 priorem,
1076 898 1298 984 utpotemulto
1306 899 1361 967 cla·

155 1002 273 1068 riorem
292 1019 331 1063 ac
348 997 555 1074 lucidiorem,
587 997 783 1074 matutinam,
800 997 1016 1083 posteriorem
1038 1021 1118 1067 vero
1141 1003 1360 1089 vespertinam

155 1104 226 1172 tici.
248 1103 392 1170 inlibris
411 1115 517 1167 tamen
531 1101 639 1167 serius
656 1103 799 1168 exuretis
817 1102 850 1167 in
867 1123 938 1170 eam
966 1105 1135 1172 descendit
1153 1110 1360 1199 ‚sententium

154 1232 236 1298 quae
254 1231 316 1276 sex
331 1209 401 1275 dies
418 1206 593 1274 creationis
613 1205 740 1271 divinae
764 1206 905 1272 defendit
928 1208 998 1273 dies
1020 1230 1096 1276 esse
1113 1231 1215 1277 veros
1232 1214 1270 1300 ²).
1303 1209 1359 1283 nti

153 1317 283 1381 tandem
308 1313 484 1380 creationis
505 1317 725 1377 narrationem
742 1310 868 1395 Moysis
892 1313 1037 1396 mythum
1055 1335 1131 1382 esse
1154 1321 1358 1396 coutentium,

151 1398 207 1488 cui
221 1419 349 1486 nonnisi
370 1417 511 1492 veritas,
544 1417 650 1482 Deum
664 1427 838 1482 -auctorem
859 1437 935 1483 esse
954 1418 1119 1497 universi,
1142 1424 1294 1508 subjecta
1312 1425 1357 1503 sit,

142 1527 274 1613 ‘relique
291 1524 398 1589 omnia
413 1533 546 1588 ornatus
562 1540 601 1586 ac
616 1523 755 1586 vestitus
772 1542 871 1587 causa
888 1544 963 1589 esse
980 1526 1176 1614 excogitata.

235 1631 328 1711 Quod
341 1630 410 1713 jam
425 1629 485 1692 has
505 1632 613 1691 varlas
631 1626 800 1711 opiniones
820 1634 954 1694 attinet:
976 1642 1050 1698 ante
1079 1631 1187 1699 omnia
1212 1645 1355 1723 tanquam

139 1747 275 1804 ⁴certum
300 1755 338 1800 ac
368 1734 571 1818 exploratum
596 1732 800 1797 statuendum
824 1744 896 1809 est,
923 1736 1098 1821 mythicam
1119 1739 1353 1824 empositionem

149 1839 343 1907 narrationis
360 1839 525 1904 Moesicae
544 1857 681 1923 prorsus
699 1836 908 1921 rejiciendam
929 1860 1014 1906 esse.
1037 1841 1169 1909 Etenim
1262 1880 1265 1885 ·

228 1950 261 2010 ’1.
274 1945 420 2027 Moyses
443 1940 624 2018 israelitis,
655 1953 690 2006 ut
703 1943 880 2008 -unemine
910 1957 1050 2032 negatur
1084 1960 1147 2014 aut
1160 1949 1351 2038 ignoretur,

148 2049 465 2132 historiamgeneris
480 2047 530 2112 sui
544 2061 577 2111 et
595 2047 720 2132 Legem
742 2069 761 2113 a
778 2049 852 2113 Deo
869 2050 978 2116 datam
989 2053 1232 2137 conscribere,
1264 2051 1350 2144 etque

148 2158 195 2222 sic
215 2156 387 2242 populares
412 2174 491 2218 suos
512 2152 544 2216 iu
572 2151 659 2217 cultu
681 2151 752 2217 veri
777 2153 1053 2223 Deiconiirmare
1078 2158 1189 2225 voluit
1218 2160 1285 2226 Cui
1303 2144 1350 2229 tu·

147 2273 256 2343 aperte
281 2261 411 2344 mythus
437 2258 469 2323 in
497 2256 603 2342 capite
627 2257 736 2341 operis
758 2257 886 2343 positus
914 2259 1157 2349 haudquaquam
1192 2267 1348 2341 convenit,

145 2367 239 2455 idque
259 2387 300 2430 eo
319 2364 559 2450 minus,-quum
579 2362 718 2427 numetis
739 2361 822 2428 fite·
843 2363 876 2428 in
899 2386 996 2431 unum
1024 2368 1129 2435 Deum
1152 2389 1280 2449 verum,
1302 2374 1348 2439 lex

146 2471 281 2546 sabbati,
304 2481 399 2554 atque
417 2477 486 2533 tota
501 2466 689 2532 constitutio
705 2467 753 2533 rei
768 2468 936 2535 Mosaicae
954 2484 1209 2557 superstruatur.
1233 2477 1347 2566 Legit·

143 2578 281 2640 latorem
310 2574 394 2640 enim
421 2594 459 2639 ac
489 2572 784 2659 historiographum
825 2574 997 2641 manifeste
1027 2575 1182 2665 figmenta
1212 2583 1347 2649 condere

143 2681 226 2744 haud
253 2681 357 2744 decet.
380 2677 656 2757 Quemadmodum
679 2677 789 2764 itaque
806 2677 839 2742 in
857 2680 1066 2765 sequentibus
1088 2703 1203 2749 veram
1225 2686 1345 2755 histori-

140 2806 192 2849 am
210 2784 322 2860 refert,
343 2782 388 2848 its
405 2803 531 2869 quoque
547 2781 599 2847 hic
616 2781 650 2846 iu
665 2793 779 2847 nostro
792 2783 865 2849 loco
883 2804 966 2850 vera
978 2798 1098 2861 narrat,
1121 2789 1242 2873 quihus
1256 2814 1344 2879 popu.

139 2891 261 2954 lum'de
279 2886 379 2953 initiis
399 2886 511 2952 mundi»
526 2885 700 2951 certiorem
715 2888 842 2964 reddat,
863 2912 886 2952 s.
899 2889 987 2954 cultu
1003 2904 1187 2972 astrorum,
1209 2897 1342 2965 enimsi

139 3014 248 3059 um‘ac
263 2995 462 3080 plantarum,
481 3001 596 3075 utpote
617 3003 750 3077 propter
767 2993 927 3059 homiuem
944 2997 1157 3074 conditarum,
1172 3001 1341 3077 deterreat,

121 3128 125 3136 ·
143 3112 237 3185 atque
254 3099 362 3186 legem
378 3097 503 3161 sabbati
521 3096 671 3180 exemplo
688 3097 751 3162 Dei
770 3103 862 3183 quasi
876 3097 1046 3168 confirmet
1057 3110 1098 3178 ⁸).
1320 3097 1323 3104 ’

222 3211 252 3273 2.
273 3204 428 3267 Assumto
450 3202 561 3285 mytho
582 3201 614 3266 iu
641 3200 754 3287 primis
780 3203 955 3270 Geneseos
982 3204 1153 3291 capitibus.
1170 3211 1340 3299 ,omuiaiu

122 3309 281 3376 'certaet
299 3306 482 3373 vacillantia
498 3307 694 3393 redduntur3
717 3329 814 3394 quum
831 3310 945 3376 eodem
963 3331 1107 3396 prorsus,
1119 3315 1208 3398 stylo
1225 3318 1338 3382 eaden·

138 3412 371 3502 queoratiune
401 3411 543 3476 narratio
567 3411 600 3477 in
623 3412 675 3477 his
704 3424 738 3478 et
763 3414 971 3500 sequentibus
994 3416 1173 3503 capitibus..
1188 3420 1337 3492 decurrat,

120 3532 230 3606 *atque
246 3520 368 3583 haecce
380 3515 505 3581 nonnisi
522 3515 709 3597 ulteriorem
728 3518 980 3604 explicationem
993 3520 1038 3586 ibi
1050 3523 1228 3591 memoriae
1244 3523 1335 3613 proli·

118 3638 240 3689 tarum
259 3616 370 3688 rerum
387 3620 581 3687 contineant.
598 3621 794 3708 Principium
810 3623 895 3690 enim
911 3625 998 3700 illud,
1016 3646 1146 3696 ecesse
1162 3629 1332 3715 rejicienda

135 3750 216 3815 quae
231 3729 323 3794 facile
339 3728 424 3792 haud
440 3726 666 3812 perspicimus,
682 3728 701 3791 i.
723 3748 749 3791 e.
769 3749 851 3814 quae
870 3730 963 3794 nobis
982 3752 1044 3796 uon
1070 3733 1229 3811 arrident,
1250 3759 1291 3802 ue
1308 3735 1330 3798 io

135 3833 271 3898 historia
295 3832 430 3917 prolum
459 3831 603 3917 quidem,
626 3843 666 3901 ,et
689 3853 728 3897 eo
752 3833 857 3901 minus
882 3835 914 3900 iu
941 3834 1078 3915 historia
1102 3859 1198 3921 sacre
1222 3836 1329 3923 admitti

134 3946 256 4020 potest;
280 3957 351 4000 nam
381 3935 436 4000 tali
455 3936 614 4022 principio
635 3937 788 4022 adoptato
807 3939 892 4005 nihil.
906 3952 1031 4008 certum
1049 3964 1088 4010 sc
1106 3943 1239 4013 firmum
1257 3958 1327 4017 suro

132 4040 263 4125 poterit,
286 4042 343 4105 sed
362 4040 468 4106 omnia
488 4042 675 4107 necessario
692 4044 963 4113 concutienturuc
982 4049 1229 4136 subvertentur,
1249 4055 1324 4138 prati

132 4143 165 4208 id
184 4145 333 4229 exempla
351 4166 464 4212 eorum
490 4148 678 4224 ostendunt,
708 4149 761 4234 pri
787 4149 820 4214 in
846 4148 1109 4237 interpretandis
1124 4157 1189 4224 88.
1210 4151 1321 4225 tutori·

148 4318 394 4337 m

169 4402 193 4470 ¹)
210 4409 252 4456 De
272 4410 341 4460 Gen.
359 4411 395 4458 ud
411 4410 461 4459 titt.
479 4410 499 4461 i.
519 4413 547 4462 6.
566 4424 592 4462 e.
612 4413 641 4462 ὅ.
660 4426 687 4462 n.
709 4410 828 4465 te-tt.
846 4409 918 4478 opp.
938 4411 973 4467 'l'-
990 4413 1017 4466 8.
1037 4413 1072 4478 1³,
1090 4417 1116 4470 1.
1135 4429 1163 4472 ο.
1182 4417 1232 4473 108
1245 4429 1279 4468 ιι.

170 4489 196 4556 ²)
214 4498 256 4546 De
274 4499 379 4550 cotect.
398 4501 457 4548 rad.
475 4512 499 4549 c.
521 4501 560 4550 17.
580 4512 607 4550 n.
624 4500 669 4552 28.
687 4497 720 4553 Τ.
737 4501 764 4553 u.
784 4512 808 4552 o.
825 4501 886 4554 282.

164 4571 190 4646 ⁸)
209 4579 252 4635 ct.
271 4581 344 4637 uon.
362 4587 388 4647 2,
406 4586 433 4640 e.
452 4585 540 4639 uxot.
559 4591 714 4654 eno-11.
733 4593 776 4654 st,
796 4594 904 4647 ts-tr.
