2926 5168
81 268 82 271 κ
189 224 232 300 id

269 385 439 449 0bsern.
461 378 491 446 2.
509 386 604 445 Porro
618 380 728 444 ibidem
747 403 863 463 quoqite
889 381 1135 450 observavimus,
1164 376 1234 458 quid
1258 376 1393 440 sentien-

192 494 260 552 dum
279 495 320 552 sit
338 493 375 550 dc
388 494 537 552 sententia
554 488 627 563 illa,
651 492 939 552 demonstrationem
954 492 991 550 de
1006 493 1065 550 Dei
1093 489 1257 548 existentia
1284 486 1394 544 stricte

191 601 281 657 telem
308 598 374 656 fieri
394 614 452 654 nou
476 615 588 673 posse,
612 603 663 653 aut
685 596 793 654 saltem
818 594 928 652 nullam
957 612 1026 654 esse
1044 592 1258 653 instituendam
1280 591 1393 663 ¹);·si·

191 704 310 778 mulque
326 719 450 760 errores
467 701 636 759 sententiae
662 707 785 758 nostrae
812 699 987 775 oppositos,
1010 697 1207 774 athelmum,
1231 695 1394 754 ideotbeis-

192 824 291 873 mum,
314 803 586 873 authotbeismum,
620 803 840 880 pantheismum
858 819 893 861 ao
919 801 1086 872 deismum,
1110 819 1184 877 quos
1206 800 1314 868 modo,
1345 799 1394 858 do·

190 918 292 986 gmate
308 908 464 968 catholieo
481 909 706 979 demonstrato,
728 907 852 967 totidem
869 907 1035 965 sententias
1045 905 1217 966 haereticas
1232 923 1303 964 esse
1324 923 1394 965 con·

191 1015 352 1089 spicimus,
374 1013 595 1071 confutavimus
613 1007 650 1092 2).
671 1007 721 1070 Ex
744 1013 785 1069 iis
810 1019 929 1078 autem,
963 1028 1038 1087 quae
1058 1011 1109 1070 bic
1130 1020 1218 1088 atque
1240 1011 1331 1070 etiam
1354 1011 1394 1068 ibi

186 1119 250 1191 jam
266 1117 414 1185 diximus,
436 1134 551 1194 quoque
568 1118 741 1195 colligitur,
765 1135 853 1193 quam
870 1117 948 1176 falso
964 1116 1160 1184 adstruatur,
1191 1116 1393 1186 sententiam,

191 1241 266 1298 quae
280 1230 391 1298 negat,
412 1223 470 1280 Dei
483 1222 677 1281 existentiam
693 1240 785 1298 posse
800 1222 1019 1290 demonstrari,
1042 1223 1072 1279 in
1096 1221 1155 1280 SS.
1186 1220 1315 1279 Litteris
1334 1229 1394 1278 tra·

191 1327 238 1396 di,
261 1335 349 1402 atque
364 1326 456 1384 etiam
471 1327 508 1384 ab
520 1327 661 1385 Ecclesia
675 1328 791 1408 tenerl3
814 1345 902 1403 quum
916 1327 1005 1397 illae,
1027 1336 1060 1384 ot
1077 1345 1114 1384 ex
1133 1325 1318 1383 testimoniis
1332 1327 1393 1383 lau-

195 1431 273 1489 datis
290 1438 389 1507 patet,
412 1440 496 1489 recte
509 1433 696 1509 comparium
712 1432 858 1500 doceant,
880 1440 968 1508 atque
984 1431 1057 1489 baec
1081 1430 1147 1505 pari
1172 1429 1293 1488 ratione
1316 1447 1393 1487 sem·

191 1553 244 1611 per
261 1535 291 1593 id
305 1537 407 1610 ipsum
424 1535 565 1612 professa
582 1546 637 1596 cst.
659 1539 803 1606 blisane,
825 1538 851 1594 si
876 1537 992 1595 inficias
1019 1538 1098 1603 itur,
1120 1535 1178 1593 Dei
1200 1535 1394 1593 existentiam

191 1638 394 1698 demonstrari
411 1655 519 1716 posse:
542 1642 633 1699 statui
666 1641 770 1710 debet,
794 1651 824 1700 et
851 1660 960 1701 revera
984 1643 1074 1700 etiam
1098 1658 1116 1697 a
1148 1641 1285 1717 patronis
1306 1638 1395 1713 hujus

192 1745 359 1802 sententiae
373 1745 537 1816 statuitur,
559 1753 628 1803 ante
644 1745 861 1804 revelationem
875 1745 1040 1827 admissam
1056 1746 1123 1804 solo
1146 1745 1242 1804 libero
1258 1747 1396 1804 volunta·

191 1849 231 1905 tis
255 1848 378 1907 decreto
397 1850 589 1908 existentiam
604 1850 663 1908 Dei
687 1849 866 1909 credendam
886 1867 955 1908 esse
972 1850 1010 1927 ³),
1033 1860 1083 1908 aut
1110 1860 1239 1908 mentem
1258 1858 1396 1907 nostram

190 1954 350 2012 veritatem
367 1955 553 2026 sententiae,
575 1956 672 2013 Deum
684 1956 833 2023 existere,
854 1954 1027 2014 immediate
1041 1954 1233 2030 perspicere,
1256 1963 1310 2013 aut
1325 1971 1397 2012 vero

192 2059 251 2117 sibi
269 2058 440 2118 immediate
452 2061 511 2118 Dei
529 2080 598 2119 esse
615 2062 776 2121 eoneetam.
797 2064 856 2120 Ast
868 2061 1017 2119 sententia
1033 2063 1130 2137 prima
1145 2060 1289 2149 admissa,
1313 2079 1397 2119 erro·

192 2183 243 2222 res
260 2183 380 2237 omnes,
405 2167 496 2224 etiam
515 2166 743 2237 absurdissimi,
762 2185 817 2243 pro
837 2166 920 2224 veris
937 2165 1041 2224 baberi
1063 2165 1235 2245 debebunt3
1265 2167 1397 2223 alterum

192 2277 294 2341 certo,
317 2279 349 2328 ut
366 2270 489 2329 cuilibet
507 2289 617 2329 sensus
634 2266 759 2330 intimus
788 2278 938 2342 testatur,
960 2288 1019 2328 uon
1045 2271 1180 2352 obtinet3
1214 2277 1244 2328 et
1272 2269 1398 2327 tertium

191 2373 411 2448 pantheismum
431 2376 526 2451 sapit,
550 2395 638 2452 quum
655 2385 759 2452 aperte
768 2373 864 2435 'mene
888 2375 1009 2434 nonnisi
1038 2376 1086 2434 sui
1110 2377 1225 2452 ipsius,
1247 2377 1297 2434 vel
1321 2373 1398 2450 quod

193 2496 296 2536 secum
310 2498 400 2538 unum
415 2479 552 2556 idemque
572 2490 637 2548 est,
660 2480 834 2538 immediate
852 2481 975 2540 conscia
989 2497 1058 2540 esse
1068 2490 1165 2557 queat.
1187 2477 1313 2540 Accedit
1329 2496 1397 2537 sen·

192 2587 335 2654 tentiam,
357 2588 455 2644 Deum
482 2587 518 2643 ab
540 2587 696 2644 intellectu
717 2586 846 2645 humano
868 2606 921 2663 per
947 2581 1030 2644 solas
1047 2593 1172 2644 naturae
1187 2586 1269 2643 vires
1300 2582 1399 2641 videri

192 2708 304 2766 posse,
328 2691 357 2748 in
377 2691 453 2749 (ion
466 2694 494 2752 c.
515 2691 746 2749 Viennensi
770 2709 838 2749 esse
865 2692 1067 2767 proscriptam
1088 2689 1127 2767 ⁴).
1159 2721 1197 2734 -
1225 2684 1277 2748 Ex
1301 2689 1401 2745 altera

193 2804 280 2869 parte
289 2804 388 2853 autem
412 2797 618 2880 certissimum
635 2804 695 2871 est,
718 2795 795 2871 quod
812 2797 885 2854 item
898 2798 958 2854 alia
972 2795 1129 2854 occasione
1144 2794 1220 2852 lassi
1237 2811 1344 2851 sumus
1360 2795 1400 2868 ³),

193 2898 290 2957 ideam
304 2917 357 2957 seu
377 2899 581 2976 cognitionem
595 2901 653 2958 Dei
673 2902 703 2958 in
723 2911 823 2961 mente
839 2900 969 2959 hominis
997 2899 1169 2958 immediata
1194 2916 1229 2958 ac
1240 2881 1243 2886 ¹
1254 2917 1399 2974 superna·

193 3000 283 3063 turali
301 3005 487 3064 revelatione
500 3005 600 3063 divina
618 3006 778 3066 excitatam
785 3047 798 3083 ,
822 3012 852 3063 ei
867 3025 921 3081 per
940 3003 1100 3063 historiam
1123 3022 1177 3062 seu
1202 3002 1398 3062 traditionem

194 3118 392 3188 propagatam
411 3127 480 3168 esse
498 3110 535 3186 ὓ)·

603 3319 628 3400 §-
651 3315 687 3385 ὅ.
709 3313 867 3385 linitas
888 3312 985 3385 nei.

276 3505 421 3570 Probata
433 3506 607 3571 existentia
623 3507 701 3581 Dei,
724 3519 841 3593 sponte
854 3527 913 3571 sue
932 3526 970 3570 ac
987 3505 1175 3570 necessario
1193 3505 1402 3591 consequitur

199 3615 269 3698 ejus
285 3610 407 3685 unitas,
431 3631 489 3675 scu
505 3633 568 3675 non
589 3619 715 3697 plures,
739 3614 798 3677 sed
815 3633 912 3676 unum
931 3622 1056 3688 tantum
1073 3620 1187 3673 natura
1203 3621 1236 3675 et
1250 3611 1401 3675 substan·

229 3851 252 3911 ¹)
270 3850 361 3911 lue.
381 3854 430 3904 u.
449 3853 509 3902 obs.
530 3855 555 3901 1.
574 3863 600 3915 p.
619 3849 653 3898 33
672 3864 699 3902 ιι.

228 3935 315 4003 ²)1n.
333 3945 364 4001 e.
384 3942 508 3995 ιιι-ιε.
527 3954 555 4005 p.
573 3940 685 3990 ιιι-ιι.

229 4021 253 4096 ³)
272 4029 317 4083 Gi.
334 4025 454 4095 dubit,
473 4043 519 4094 op.
538 4041 564 4080 c.
583 4044 610 4095 p.
628 4029 689 4080 aaa.

228 4118 255 4185 ⁴)
275 4123 317 4172 lle
335 4123 438 4170 borrei.
456 4135 481 4170 n.
497 4122 525 4171 5.
544 4117 587 4170 ct.
605 4115 709 4180 Ball,
728 4118 828 4169 Suram.
840 4117 924 4168 Corte.
943 4113 1009 4167 Par.
1030 4115 1106 4166 1659.
1125 4115 1157 4166 Τ.
1172 4114 1402 4180 tpateAdeo·

196 4223 250 4276 que
267 4214 396 4260 nontam
413 4204 830 4258 manifesteaveroaberraui
848 4204 904 4270 (cl.
923 4201 1020 4270 debu,
1046 4219 1093 4270 op.
1121 4216 1146 4258 c.
1175 4217 1201 4270 p.
1231 4205 1294 4263 tuo)
1320 4203 1401 4255 Per·

196 4311 303 4362 rone,
322 4297 521 4359 Giinther,
545 4295 705 4347 Balteer
727 4300 794 4356 etc,
823 4293 872 4358 qul
898 4293 1069 4344 sententiam
1104 4293 1138 4343 de
1167 4291 1329 4344 immediata
1351 4289 1400 4342 liei

197 4388 357 4454 cognitione
371 4386 542 4454 pautbelsml
563 4384 675 4437 nomine
695 4388 855 4450 suspectam
875 4381 990 4435 babent.

230 4471 253 4543 ⁵)
270 4478 313 4530 ct.
332 4480 421 4529 eaeor.
441 4493 532 4535 aruer.
552 4480 583 4527 r.
605 4481 632 4527 1.
651 4479 681 4533 t.
704 4478 749 4524 ιι.
769 4476 829 4524 oea.
849 4477 877 4524 ι.
897 4485 922 4537 p.
940 4473 973 4522 et
991 4487 1015 4522 s.

229 4560 253 4643 ⁶)
273 4567 315 4625 Gi,
334 4562 630 4633 etcutenmoict,
648 4561 698 4617 ete
715 4557 840 4634 driiiidpc
857 4559 1014 4627 cromatii,
1032 4558 1117 4634 gerii.
1131 4563 1205 4616 itit.
1227 4558 1320 4631 uzi.
1334 4575 1362 4633 p.
1378 4562 1398 4612 i.
