2926 5168
119 257 198 324 434,

121 430 179 495 per
202 392 308 472 omnia
331 405 467 489 subjecti
495 404 733 490 praedicentur.
765 407 858 470 Falso
887 406 995 492 itaque
1026 407 1222 483 adstruitur,
1252 424 1328 470 esse

121 515 180 578 sub
212 510 349 600 Angelis
383 509 584 576 solummodo
615 510 832 595 perfectiones
872 511 997 578 divinas
1026 512 1327 600 subintelligendas,

120 631 175 685 aut
195 619 289 703 plane
311 637 387 680 esse
407 615 480 679 illos
513 614 599 679 entia
629 636 718 680 mere
747 615 946 703 imaginaria.
973 618 1097 682 Verum
1125 628 1159 681 et
1179 616 1257 682 illud
1280 637 1328 680 as·

121 737 245 790 sertum
276 720 362 786 omni
392 720 530 786 veritate
559 720 758 797 destituitur,
790 722 969 787 doctrinam
1002 723 1036 786 S.
1068 722 1259 808 Scripturae
1290 722 1328 785 de

121 828 256 917 Angelis
278 826 485 911 repetendam
509 845 584 889 esse
607 846 626 889 a
647 825 820 891 Chaldaeis
843 837 876 890 et
896 827 1060 910 Assyriis3
1082 848 1197 912 quum,
1230 838 1265 891 nt
1284 827 1327 890 vi·

123 935 236 1008 dimus,
259 930 377 1020 Angeli
398 930 429 994 in
451 929 542 995 libris
567 930 674 996 sacris
712 944 785 996 ante
814 931 1034 1017 captivitatem
1057 932 1210 1006 exaratis,
1233 931 1329 996 histo·

121 1023 200 1104 ricis
228 1057 328 1123 aeque
351 1057 389 1102 nc
405 1035 552 1122 poeticis,
571 1048 604 1100 et
620 1035 747 1121 quidem
769 1057 863 1123 qnam
880 1036 1071 1123 saepissime
1089 1058 1127 1102 ac
1148 1036 1328 1102 clarissime

123 1153 425 1208 commemorentur.
448 1141 584 1226 Insuper
608 1161 651 1204 ex
673 1141 819 1207 doctrina
834 1141 1013 1207 Gentilium
1035 1142 1123 1231 genii
1145 1161 1184 1207 ac
1199 1143 1328 1206 daemo-

124 1268 183 1313 nes
205 1269 224 1311 a
247 1246 408 1312 divinitate
431 1267 494 1309 non
517 1243 676 1321 differunt,
700 1246 763 1311 nisi
784 1247 907 1335 gradu,
931 1261 1039 1333 utpote
1062 1269 1080 1313 e
1102 1247 1164 1312 Dei
1187 1247 1329 1311 substan·

124 1342 397 1439 tia'prolluentes,
420 1362 503 1415 anta
522 1349 595 1416 Deo
617 1351 733 1440 geniti;
756 1373 830 1418 cnm
849 1353 1005 1417 tamenin
1029 1353 1091 1420 SS.
1112 1351 1250 1416 Litteris
1270 1354 1330 1415 An·

128 1459 193 1547 geli
232 1480 289 1544 per
321 1457 426 1523 omnia
456 1469 606 1542 tanquam
644 1459 756 1523 aDeo
787 1457 907 1522 conditi
935 1457 1159 1524 exhibeantur.
1182 1456 1228 1521 Et
1257 1476 1331 1519 sane

127 1575 277 1651 quantum
317 1563 416 1627 distat
448 1561 703 1627 monotheismus
731 1583 750 1626 a
780 1563 1012 1648 polytheismo,
1050 1573 1172 1626 tantum
1211 1580 1332 1646 quoque

129 1669 236 1734 diflert
258 1668 403 1734 doctrina
426 1668 462 1734 S.
485 1667 674 1752 Scripturae
708 1669 747 1732 de
769 1667 906 1756 Angelis
936 1690 955 1734 a
986 1667 1133 1733 doctrina
1162 1669 1203 1732 de
1232 1664 1333 1754 geniis

129 1798 188 1841 sen
211 1772 420 1839 daemonibus
444 1771 628 1837 Gentilium.
643 1771 821 1852 Quominus
849 1773 889 1836 de
911 1773 1010 1837 meris
1032 1772 1158 1837 dicendi
1180 1770 1333 1843 formulis,

125 1875 402 1962 παροιμιαζόμενοις
433 1873 533 1962 λόγοις
574 1876 868 1964 (fprbdnbrtlldpen
899 1879 1132 1955 mebebssbtlttt)
1163 1884 1196 1942 in
1234 1876 1333 1942 edatis

128 1984 250 2050 Christi
273 1996 306 2048 et
327 1984 560 2069 Apostolorum
585 1983 780 2072 cogitemus,
802 1980 872 2068 ipse
894 1983 1022 2048 illorum
1053 1994 1147 2048 tenor
1177 1981 1334 2068 prohibet.

127 2087 430 2155 Adcommodationi
457 2099 564 2153 autem
593 2087 716 2154 Christi
744 2100 777 2154 et
798 2089 1026 2173 Apostolorum
1056 2087 1264 2177 dogmaticae
1287 2087 1334 2151 ob·

129 2206 203 2260 sunt
224 2194 307 2260 illius
331 2193 439 2259 divina
459 2207 574 2258 natura
596 2194 766 2259 ethorum
788 2193 972 2278 inspiratio,
1005 2214 1151 2259 necnon
1173 2177 1247 2279 ipse
1269 2191 1336 2256 linis

130 2300 272 2365 muneris
296 2299 442 2375 docendi,
466 2300 550 2384 quod
574 2299 725 2363 Salvator
740 2310 773 2363 et
795 2297 941 2384 discipuli
964 2300 1033 2382 ejus
1046 2299 1176 2364 nomine
1200 2298 1333 2364 obibant.

214 2406 303 2485 Quae
326 2406 490 2491 hucusque
513 2403 545 2469 in
567 2404 707 2484 medium
728 2405 854 2488 prolata
878 2417 953 2469 sunt
974 2405 1009 2469 S.
1032 2403 1223 2490 Scripturas
1255 2402 1335 2468 testi·

131 2511 247 2586 monia,
271 2509 476 2575 existentiam
489 2510 693 2599 Angelorum
707 2510 867 2575 bonorum
883 2509 1042 2575 evincunt.
1058 2510 1212 2574 Attamen
1236 2530 1335 2596 quem·

131 2615 302 2680 admodum
333 2615 394 2679 SS.
422 2614 662 2679 Litterae
694 2613 869 2679 indubitate
899 2616 1049 2690 tradunt,
1088 2615 1158 2679 dari
1192 2614 1333 2703 Angelos

133 2723 217 2785 bono
249 2719 294 2785 ita
316 2739 441 2806 quoque
471 2720 641 2784 manileste
672 2721 806 2796 docent,
845 2720 989 2785 existere
1020 2722 1169 2808 Angelos
1192 2720 1337 2791 malos,

134 2847 192 2891 seu
214 2828 457 2892 daemones.
481 2824 612 2890 Etenim
629 2825 661 2889 in
679 2824 759 2891 libro
783 2825 872 2900 tob,
896 2825 966 2891 sine
985 2825 1079 2892 dubio
1102 2824 1246 2891 omnium
1268 2823 1336 2890 anti·

135 2931 308 3018 quissimo,
331 2929 462 3014 saepius
492 2931 531 2995 de
555 2943 668 2995 satana
689 2952 798 2996 sermo
821 2928 857 2994 fit
880 2931 924 3016 1);
946 2931 979 2996 in
1010 2930 1101 2996 libris
1130 2929 1293 3018 Regum
1313 2938 1337 2993 et

135 3035 495 3121 Paralipomenon
534 3036 668 3124 legitur,
711 3035 858 3121 spiritum
888 3057 1025 3122 nequam
1059 3035 1192 3100 Saulem
1224 3046 1337 3122 pertur-

136 3144 233 3208 basse
255 3151 306 3220 2),
329 3151 474 3205 satanam
496 3141 665 3216 Davidem,
688 3153 723 3204 ut
745 3152 931 3206 numeraret
952 3142 1075 3218 lsrael,
1098 3141 1288 3206 concitasse
1309 3140 1336 3222 ³),

138 3248 348 3333 spiritumque
379 3246 567 3311 mendacem
602 3245 633 3309 in
671 3267 728 3310 ore
759 3248 1132 3331 pseudoprophetarum
1165 3247 1268 3312 fuisse
1297 3245 1336 3331 ⁴];

138 3364 231 3438 atque
243 3351 274 3414 in
287 3351 370 3415 libro
382 3352 406 3416 S
418 3372 437 3415 a
445 3376 465 3438 p
475 3351 486 3414 i
496 3371 514 3414 e
523 3372 543 3413 n
553 3350 643 3415 tiae
657 3353 801 3430 docetur,
820 3351 940 3416 invidia
954 3350 1072 3416 diaboli
1088 3362 1228 3417 mortem
1236 3348 1335 3416 introi·

139 3458 227 3521 visse
238 3455 270 3520 in
284 3456 395 3519 orbem
410 3467 572 3520 terrarum
585 3456 620 3541 ⁶).
632 3457 766 3541 Insuper
779 3456 895 3542 ubique
905 3457 1010 3522 cultus
1024 3454 1185 3521 idolorum
1199 3468 1334 3543 tanquan

140 3563 244 3628 cultus
263 3563 452 3626 daemonum
469 3562 691 3646 exhibetur).
712 3563 779 3626 Sed
799 3561 828 3626 si
845 3562 932 3626 nulla
947 3560 1042 3625 etiam
1060 3561 1180 3626 mentio
1200 3561 1235 3625 in
1257 3558 1333 3625 libris

140 3668 179 3731 V.
202 3667 243 3730 Τ.
268 3668 456 3730 daemonum
478 3667 588 3730 lieret:
612 3661 774 3732 sufficiunt
796 3667 901 3753 ntique
917 3666 1177 3732 manifestissima
1199 3667 1231 3732 in
1246 3667 1285 3731 N.
1306 3662 1334 3727 Τ.

142 3771 246 3841 effata.
278 3773 362 3836 Nam
384 3771 588 3836 Christus
617 3772 809 3835 Dominus
839 3771 1028 3836 Pharisaeis
1059 3771 1333 3857 blasphemantur.

143 3879 226 3964 quod
265 3877 297 3941 in
340 3876 546 3949 Beelzebub,
592 3875 735 3962 principe
776 3875 1040 3953 daemoniorum,
1073 3877 1183 3962 ejiciat
1220 3877 1333 3942 daemo·

143 3983 211 4058 nia,
239 3983 336 4070 longe
365 3982 475 4054 abest,
497 3981 577 4065 ipse,
600 3981 653 4066 qni
678 3981 758 4045 alias
783 4003 915 4047 errores
940 3982 1205 4049 adversariorum
1221 3996 1332 4046 suorum

181 4205 206 4264 ¹)
224 4199 290 4252 Job.
310 4203 334 4262 l,
352 4202 369 4251 6
387 4214 427 4252 ss.
446 4200 472 4260 2,
493 4201 506 4249 1
525 4214 565 4251 ss.

181 4286 205 4355 ²)
225 4292 248 4341 l.
267 4289 337 4352 fleg.
358 4291 400 4348 16,
421 4288 462 4339 ll.

180 4371 205 4443 ³)
225 4381 249 4432 1.
267 4378 333 4429 Par.
351 4379 393 4438 21,
415 4379 437 4430 1.

182 4463 207 4531 4)
226 4470 251 4520 3.
268 4470 339 4531 fleg.
358 4468 401 4527 22,
419 4467 463 4519 22.
482 4464 525 4517 ct.
544 4463 630 4515 zach.
650 4464 676 4526 ³,
696 4466 720 4515 1.
738 4463 810 4517 Tob.
829 4466 855 4526 8,
874 4468 899 4520 3.

182 4556 206 4623 ε)
225 4557 293 4622 sap.
310 4558 337 4617 a,
353 4557 396 4608 2³.
414 4555 458 4608 an.

182 4637 207 4708 ⁶)
225 4647 310 4700 nent.
327 4646 371 4710 aa,
391 4647 432 4698 n.
451 4643 550 4700 arar.
570 4646 611 4707 ιι,
631 4644 730 4701 rans.
743 4646 785 4708 et,
804 4648 831 4704 a,
850 4649 908 4712 roo,
927 4646 1045 4704 naun.
1064 4649 1091 4710 n,
1109 4651 1136 4705 t.
1152 4649 1336 4714 nooman
