2926 5168
129 227 193 306 m.

124 396 244 471 secta
263 397 341 453 sont
364 407 479 468 opera,
509 392 542 451 et
557 402 667 450 omnes
692 392 763 448 alae
785 391 858 466 ejus
879 389 1052 463 iudicio,
1073 392 1094 454 ι’.
1117 409 1144 452 e.
1163 390 1275 472 Justae
1296 392 1328 466 ¹).

129 493 253 559 Similia
274 493 306 557 in
335 492 407 557 aliis
439 493 473 556 S.
506 491 696 575 scripturae
724 489 815 555 libris
843 492 1002 580 leguntur.
1026 492 1083 556 ste
1104 492 1329 558 Siracides

128 599 238 663 docet:
260 601 507 680 OpercDomlm'
520 603 672 661 enimse
695 599 817 661 valde
837 601 943 661 does
963 603 1001 680 2).
1022 597 1067 662 Et
1087 599 1344 683 Apostolus·

131 704 217 780 Oraia
232 709 336 767 omnis
351 711 500 767 ereatura
515 706 579 766 1102·
597 705 696 767 dona
714 712 765 766 eat
783 709 821 786 ³).

210 807 415 874 Ecclesia
446 819 552 872 autem
584 807 795 873 Manichaeos
824 820 858 873 et
889 808 970 874 alios
1001 809 1186 875 haereticos
1209 823 1328 875 contra·

125 917 208 982 riam
230 916 426 980 sententiam
447 914 658 979 defendentes
680 935 698 980 e
721 915 793 979 sinu
815 937 874 979 suo
897 914 1006 1000 ejecit·

209 1021 253 1084 tlt
269 1021 314 1085 ita
331 1042 456 1107 quoque
466 1020 551 1085 ratio
569 1021 731 1108 intelligit,
745 1023 851 1086 Deum
862 1021 894 1084 in
905 1041 1004 1106 opere
1022 1041 1081 1085 suo
1099 1022 1139 1085 ab
1157 1021 1233 1096 laec,
1251 1023 1330 1108 quod

127 1129 245 1192 bonum
260 1138 312 1190 est
328 1127 564 1211 acperlectum,
574 1127 732 1191 recedere
743 1147 806 1190 nou
816 1147 924 1211 posse.
934 1127 1009 1191 Non
1020 1138 1131 1213 potest
1148 1126 1331 1191 enimDeus

126 1234 267 1319 optimus
283 1231 346 1296 nisi
363 1232 481 1296 honum
493 1232 597 1318 velle3
608 1252 709 1317 opera
727 1243 835 1296 autem
848 1233 919 1316 ejus
935 1232 1093 1299 voluntati
1107 1231 1330 1297 sanctissimae

125 1337 313 1403 necessario
325 1337 527 1422 respondere
536 1338 662 1402 dehent.
673 1336 947 1423 Juvatingentem
955 1335 1213 1422 rerumcopiam,
1222 1338 1330 1402 miram

125 1441 393 1530 magnitudinem,
424 1442 646 1506 diversitatem
678 1443 888 1526 stupendam,
912 1445 1071 1531 graduum
1091 1443 1331 1509 ascendentium

126 1559 159 1612 et
172 1547 447 1622 descendentium,
470 1547 653 1632 specierum
668 1558 701 1610 et
716 1567 874 1634 generum
890 1547 1035 1612 ordinem
1050 1559 1115 1612 tam
1132 1548 1330 1618 concinnum,

125 1655 271 1718 ubertate
295 1674 333 1718 ac
356 1654 476 1717 virtute
493 1651 745 1727 ornatissimum,
768 1650 1002 1717 multitudinem
1028 1653 1280 1739 pulcherrimam
1301 1663 1330 1716 et

86 1796 89 1801 ,
125 1759 385 1843 copiosissimam
417 1757 699 1843 pulchritudinem,
737 1777 793 1820 res
822 1757 907 1821 inter
933 1757 1092 1821 maximas
1120 1758 1328 1844 minimasque

124 1863 341 1929 arctissimum
363 1863 480 1928 intueri
500 1883 629 1927 nexum.
660 1863 728 1928 Res
752 1883 816 1927 una
840 1862 934 1927 alteri
962 1883 1056 1947 opem
1080 1876 1240 1947 praestat,
1270 1881 1328 1927 rna·

122 1989 241 2059 numve
257 1970 356 2033 altera
371 1967 509 2055 porrigit
526 1967 627 2031 alteri.
643 1966 697 2030 Nil
714 1965 777 2030 sihi
792 1966 864 2051 soli,
879 1986 973 2051 quarn
987 1988 1070 2032 unus
1087 1968 1190 2033 Deus.
1213 1970 1327 2055 Leges,

124 2094 205 2159 quae
220 2075 354 2139 eaedem
378 2073 409 2137 in
425 2074 526 2137 rebus
543 2070 682 2136 minimis
703 2082 738 2134 et
760 2070 925 2144 maximis,
948 2072 1013 2136 imo
1030 2072 1062 2135 in
1081 2070 1241 2138 universo
1260 2092 1327 2137 con

125 2178 312 2263 spiciuntur,
336 2190 411 2243 sunt
427 2176 704 2262 simplicissimae,
726 2175 815 2241 vires
834 2176 1088 2253 diversissimae,
1111 2177 1251 2243 effectus
1269 2197 1328 2241 nra·

125 2283 214 2358 ximi,
236 2283 351 2348 mediis
373 2302 474 2368 usque
495 2282 624 2369 exiguis
643 2281 785 2346 excitati.
797 2281 906 2346 'l'anta
930 2293 1107 2346 astrorum
1125 2283 1328 2347 ad-diveraos

122 2388 205 2451 fines
222 2389 442 2453 ordinatarum
470 2386 792 2474 abundantia„tanta
816 2386 993 2451 mediorum
1016 2388 1109 2453 simul
1135 2387 1328 2474 parsimonia

124 2513 162 2557 ac
178 2492 391 2569 sufficientia,
420 2505 455 2558 ut
474 2492 603 2557 nonnisi
627 2491 887 2577 sapientissimus
907 2492 1090 2578 praedicari
1107 2493 1219 2579 possit
1239 2494 1327 2578 hujus

123 2597 232 2680 operis
250 2597 415 2662 Conditor.
447 2598 555 2676 Quare
582 2597 622 2660 ab
650 2594 740 2660 initio
765 2596 875 2660 statim
897 2619 952 2662 res
978 2610 1106 2663 creatas
1131 2599 1328 2685 adpellarunt

122 2699 186 2763 κατ’
219 2701 320 2785 ἐξοχήν
348 2699 476 2783 κοσμόν,
509 2709 673 2773 ornatum,
702 2713 913 2784 conspectum
932 2703 1194 2788 pulcherrimum.
1213 2702 1327 2776 Terra,

124 2826 217 2891 quam
230 2805 413 2889 incolimus,
423 2807 526 2870 stellis
536 2805 711 2890 majoribus
722 2806 926 2870 adnumerari
939 2807 1066 2892 quidem
1078 2803 1211 2893 nequit}
1231 2807 1326 2872 eidem

121 2921 229 2973 tamen
246 2915 286 2978 st
309 2911 456 2996 planetae
477 2911 558 2975 socii
584 2922 617 2974 et
640 2915 680 2978 18
695 2911 831 2975 comites
852 2911 1013 2976 adsistunt
1040 2923 1172 2997 praeter
1192 2924 1327 2979 cometa·

121 3037 192 3078 rum
209 3017 365 3101 majorem
381 3036 560 3081 numerum.
582 3014 644 3079 His
662 3017 809 3081 omnibus
831 3014 994 3081 antecellit
1011 3017 1080 3092 sol,
1103 3016 1157 3103 qui
1179 3029 1326 3102 tanquam

121 3142 259 3202 sponsus
281 3125 458 3202 procedens
483 3125 522 3184 de
543 3124 682 3184 thalamo
702 3143 779 3204 suo,
806 3134 841 3185 ut
864 3120 961 3208 gigas
978 3121 1040 3185 iter
1066 3111 1208 3206 carpens
1226 3123 1325 3187 velox.

120 3228 154 3292 A
169 3249 291 3290 summo
309 3235 398 3291 coelo
416 3232 557 3307 egressio
576 3230 657 3307 ejus,
681 3234 714 3289 et
728 3248 881 3290 occursus
897 3233 970 3308 ejus
992 3230 1160 3308 usquead
1175 3248 1325 3291 summm

121 3336 209 3411 ejus.-
239 3354 301 3396 neo
322 3345 389 3414 est,
419 3337 474 3416 pei
493 3354 529 3395 se
552 3333 727 3394 abscondat
748 3354 768 3395 a
796 3335 995 3409 celerarius
1022 3335 1060 3411 ⁴).
1090 3330 1254 3397 Solvere
1279 3330 1324 3394 llic

120 3448 229 3500 tantus
254 3456 293 3501 ac
309 3435 383 3500 talis
402 3437 443 3499 ad
463 3435 547 3500 aliud
569 3447 713 3524 systema
732 3435 916 3511 stellarum,
946 3457 1026 3522 quas
1050 3434 1138 3500 lixas
1155 3437 1321 3506 nominant

121 3541 272 3616 refertur,
295 3541 381 3607 sicut
395 3553 485 3605 terra
504 3542 544 3604 ad
570 3543 681 3606 solem.
704 3544 824 3618 Astra,
847 3561 928 3627 quae
946 3541 1031 3605 viam
1055 3541 1196 3606 lacteam
1215 3539 1321 3607 consti·

121 3657 232 3723 tuunt,
254 3645 390 3712 totidem
416 3657 597 3731 systemata
622 3646 742 3711 solaria
765 3646 899 3710 secundi
922 3645 1047 3711 ordinis
1073 3665 1148 3710 esse
1171 3646 1318 3714 videntur,

121 3771 202 3835 quae
220 3751 339 3815 iterum
361 3751 450 3817 circa
476 3752 613 3838 aliquem
642 3772 845 3816 communem
874 3752 976 3816 solem
999 3753 1181 3817 centralem
1202 3768 1316 3816 moven-

122 3865 182 3929 tur,
206 3867 239 3919 et
258 3868 404 3941 systema
421 3859 528 3922 solare
547 3857 635 3922 tertii
651 3857 774 3922 ordinis
798 3852 952 3922 efficiunt.
973 3854 1056 3921 Viae
1078 3857 1205 3922 lacteae
1226 3867 1313 3920 auten

120 3980 270 4044 quarum,
293 3962 339 4026 uti
361 3963 552 4028 Astronomi
568 3965 706 4043 docent,
729 3967 839 4046 plures
861 3964 985 4036 dantru,
1007 3961 1080 4026 sine
1099 3962 1197 4028 dubio
1216 3976 1310 4028 rursus

120 4069 232 4129 omnes
259 4068 299 4130 ad
320 4079 472 4151 punctum
492 4069 620 4155 aliquod
644 4060 785 4132 medium
808 4066 1089 4154 referentiumque
1121 4069 1154 4134 in
1188 4077 1306 4152 system

152 4353 175 4418 ¹)
193 4356 281 4405 Dent·
297 4356 342 4415 32,
360 4356 388 4408 l.

154 4437 177 4507 ²)
195 4442 287 4495 Eccli.
304 4446 348 4505 39,
366 4447 408 4497 21.
427 4443 469 4496 cf.
486 4445 535 4498 Pa.
555 4448 614 4508 103,
632 4447 676 4499 2²1.
694 4447 734 4501 Is,
751 4449 777 4507 6,
794 4449 822 4498 3.

153 4527 176 4599 ³)
197 4536 222 4586 ι.
240 4532 312 4584 nim.
331 4533 357 4594 l,
376 4534 401 4585 a.

151 4619 352 4685 mmmm
