2926 5168
1300 240 1361 309 lid

475 385 501 465 §-
525 380 588 450 12.
613 380 648 450 2.
670 382 708 450 l).
729 383 1040 455 immutabilis.

237 547 293 611 Ex
306 546 511 633 simplicitate
525 550 607 626 Dei,
629 563 785 636 quatenus
811 552 883 638 ipsa
901 574 1029 619 omnem
1058 555 1259 622 accidentem
1282 558 1360 625 alie·

156 649 298 714 ctionum
321 650 577 718 vicissitudinem
603 655 760 732 excludit,
790 664 980 723 necessario
1000 658 1070 723 fluit
1089 661 1158 743 ejus
1180 661 1357 729 immutabi-

151 754 235 820 litas.

233 861 427 952 intelligitur
449 875 557 930 autem
587 866 647 930 sub
676 866 1026 933 immutabilitate
1057 868 1135 933 illa
1164 870 1244 935 Dei
1266 893 1355 955 per·

146 965 297 1042 sectio,
320 988 398 1055 qua
417 969 513 1055 ipse
533 972 641 1036 idem
663 993 834 1058 semper
857 984 941 1049 est,
965 984 1006 1037 et
1026 973 1066 1037 in
1088 976 1232 1039 eodem
1262 998 1357 1041 sem·

145 1092 224 1156 per
245 1083 362 1138 statu
383 1087 626 1160 permanet,
649 1075 809 1141 omnino
830 1076 1027 1163 incapax,
1049 1077 1115 1164 qui
1136 1077 1179 1142 in
1201 1081 1355 1146 melius

145 1177 213 1241 vel
234 1177 428 1243 deterius
449 1180 564 1246 verti
586 1191 717 1265 queat
744 1180 817 1246 Hoc
843 1180 1000 1246 attributo
1019 1181 1127 1268 itaque
1155 1183 1185 1247 in
1210 1192 1279 1251 Deo
1301 1207 1354 1250 ne·

143 1292 241 1368 gutur
254 1284 360 1348 omnis
373 1284 523 1351 transitio
542 1286 583 1350 de
599 1307 663 1350 uno
679 1287 774 1349 modo
792 1307 829 1350 se
847 1286 985 1350 habendi
1010 1289 1050 1351 ad
1073 1286 1188 1364 alium,
1215 1301 1283 1354 tum
1303 1312 1353 1355 re-

143 1399 261 1472 spectu
279 1390 331 1454 sui
351 1390 475 1476 ipsius,
508 1403 574 1455 tum
595 1403 752 1476 respectu
774 1413 883 1455 rerum
906 1402 1115 1457 externarum
1143 1413 1352 1478 quarumcun-

142 1513 223 1577 que,
246 1506 279 1559 et
287 1494 389 1580 priori
404 1495 521 1560 intuitu
529 1507 595 1560 tarn
608 1498 710 1582 quoad
725 1496 787 1562 Dei
797 1495 1023 1572 substantiam,
1045 1517 1139 1583 quam
1156 1499 1260 1582 quoad
1281 1499 1351 1582 ejus

142 1597 298 1664 infinitam
313 1600 482 1665 scientiam
502 1612 536 1666 et
548 1601 746 1666 voluntatem
762 1601 1043 1686 perfectissimam.

225 1708 386 1779 Stoici,
407 1712 505 1770 Deum
538 1712 698 1770 mutationi
721 1712 882 1770 obnoxium
919 1731 1004 1783 esse,
1032 1712 1215 1791 cogitabant.
1238 1711 1347 1770 Soci-

140 1812 252 1872 niani
274 1815 420 1873 antemio
440 1817 738 1887 Demutationem,
772 1835 832 1875 non
856 1816 974 1894 quidem
999 1816 1117 1876 ratione
1144 1817 1347 1884 substantiae,

138 1917 193 1977 sed
212 1918 405 1979 decretorum
425 1922 601 1994 admittunt,
624 1941 713 1999 quum
729 1921 840 1982 haecce
853 1941 870 1980 a
884 1922 944 1981 Dei
969 1931 1079 1981 natura
1102 1923 1245 1983 distincta
1277 1940 1346 1980 esse

139 2024 282 2083 sentiant.
312 2027 455 2085 Attamen
477 2035 604 2103 utraque
627 2027 702 2087 haec
726 2029 875 2086 sententia
903 2026 983 2085 falsa
1013 2034 1078 2097 est,
1100 2028 1262 2105 genuinam
1286 2027 1345 2086 Dei

137 2131 291 2189 notionem
309 2131 481 2193 destruens.
504 2130 585 2205 Quod

261 2231 301 2298 Α.
322 2234 477 2317 probatur
490 2233 683 2298 auctoritate
707 2234 741 2297 S.
765 2232 1038 2318 scripturae,
1061 2255 1143 2319 quae
1164 2231 1342 2296 immutabi-

136 2337 259 2402 litatem
275 2337 339 2402 Dei
356 2338 516 2424 frequenti
542 2358 580 2403 ac
603 2338 725 2403 diserto
754 2336 938 2402 testimonio
965 2338 1177 2403 commendat.
1201 2337 1259 2402 Sic
1291 2356 1341 2401 ca·

136 2441 182 2506 nit
204 2442 437 2509 Psalmista
458 2445 563 2529 quoad
576 2455 726 2508 naturam
741 2442 823 2524 Dei,
845 2443 1027 2531 generatim
1053 2454 1248 2528 spectatam:
1270 2445 1341 2521 Ipsi

133 2548 235 2622 (coeli
257 2559 290 2613 et
316 2557 424 2625 terra)
443 2551 607 2631 peribunt,
635 2557 679 2611 to
699 2556 839 2612 aotam
857 2568 1103 2629 permanea.-
1126 2555 1158 2610 el
1179 2551 1265 2610 aaut
1288 2568 1338 2609 oe·

132 2658 314 2718 alimentum
331 2663 546 2718 velamant.-
568 2662 600 2717 et
614 2659 699 2716 siem
714 2659 903 2734 opertorium
926 2656 1065 2716 mutabis
1087 2673 1157 2728 eoa,
1180 2659 1211 2715 et
1239 2659 1339 2714 muto·

131 2762 259 2826 buntur.
283 2766 337 2823 Tu
358 2768 492 2823 aulem
513 2763 617 2822 idem
638 2765 735 2839 ipse
756 2780 810 2832 es,
833 2765 865 2820 et
883 2765 961 2820 anna·
977 2761 1023 2819 tui
1040 2777 1106 2820 non
1122 2759 1265 2839 deficient
1287 2765 1338 2836 ¹),·

130 2862 150 2926 i.
173 2882 202 2927 e.
222 2862 452 2948 interpretes.
475 2863 712 2947 Chrysostomo
728 2874 761 2927 et
778 2862 1003 2927 Theodoreto:
1026 2859 1082 2924 Tu
1098 2881 1177 2924 vero
1191 2858 1336 2926 immobi-

128 2968 193 3032 lem
213 2967 316 3032 hahes
330 2980 499 3050 naturam,
528 2979 562 3033 et
572 2967 748 3032 mutatione
761 2967 859 3055 longe
868 2965 1150 3050 praestantiorem.
1163 3001 1202 3014 —-
1216 2963 1330 3044 Quoad

127 3072 193 3137 Ilei
206 3073 376 3138 scientiam
394 3073 439 3138 ait
459 3073 660 3159 Sapiens:
682 3073 729 3137 Ila
744 3092 815 3134 som
841 3078 885 3134 alt
904 3091 972 3134 ona
993 3068 1196 3156 (sapientia),
1227 3074 1334 3135 omnio

124 3186 249 3260 potest:
270 3187 304 3243 st
321 3185 365 3243 in
385 3201 430 3243 se
447 3199 699 3263 permanens
728 3181 833 3242 omnio
861 3178 994 3240 innonat
1013 3176 1049 3262 2).
1072 3213 1111 3224 -
1143 3174 1258 3254 Quoad
1278 3196 1333 3239 vo·

125 3288 282 3349 luntatem
296 3305 376 3351 vero
395 3283 533 3349 divinam
548 3284 683 3372 legitur:
708 3292 792 3347 Non
813 3295 875 3347 eat
895 3284 1007 3345 Deos
1028 3284 1123 3361 quam
1148 3283 1257 3358 homo,
1288 3294 1335 3345 ot

125 3395 381 3455 mentiatur:
401 3411 460 3454 nes
475 3395 610 3472 attilius
625 3392 777 3462 maeno,
797 3400 842 3453 ut
861 3395 1050 3452 mutator
1079 3385 1185 3462 (hebr.
1205 3393 1332 3465 utpoe·

124 3498 261 3558 nitentia
282 3498 444 3571 ducator).
466 3498 564 3558 matt
582 3515 678 3574 erqo,
699 3500 733 3556 el
746 3513 812 3556 oon
827 3494 954 3573 sorim
975 3494 1100 3557 loeotm
1125 3500 1191 3565 est,
1214 3499 1246 3553 et
1264 3512 1331 3556 non

122 3602 268 3680 implebit
288 3599 342 3686 Ἦ
361 3601 490 3668 Porro:
518 3602 741 3683 Triumpdator
756 3604 790 3662 in
806 3603 915 3662 Israel
926 3617 991 3662 noo
1004 3602 1134 3677 parcet,
1162 3607 1195 3659 et
1215 3600 1330 3678 poeni·

122 3709 312 3772 tudioenon
326 3714 492 3791 flectetur:
514 3729 646 3789 neque
668 3711 782 3771 enim
810 3708 925 3768 ltomo
953 3709 1031 3779 eol,
1050 3712 1094 3764 ot
1121 3708 1215 3780 agot
1238 3723 1328 3783 poe·

118 3819 350 3879 nitentium
381 3814 418 3898 ⁴).
453 3851 494 3865 -
524 3813 583 3878 Et:
612 3819 685 3895 Epo
713 3813 889 3886 Dominus,
928 3818 962 3874 et
993 3827 1075 3871 noo
1119 3813 1251 3870 motor
1289 3804 1327 3891 ⁸).

119 3917 240 3985 Omnia
258 3929 365 3985 autern
383 3918 626 4004 comprehendit
647 3915 670 3982 J
679 3935 754 3982 aco
767 3916 840 3980 bus
871 3911 922 3980 his
936 3911 1065 3977 verbis:
1097 3916 1195 3976 Omne
1216 3914 1326 3975 mcum

120 4032 290 4106 splenem,
312 4033 346 4088 el
360 4047 452 4090 omne
466 4029 584 4089 donum
596 4027 779 4105 perfeetum
795 4029 966 4087 &eorsum
987 4025 1053 4094 est,
1080 4017 1278 4083 &seeodem
1300 4037 1325 4110 ¹o

112 4189 403 4212 Q

155 4284 176 4356 t)
194 4282 243 4342 rs.
262 4289 320 4352 tot.
337 4284 450 4342 2748.

155 4365 176 4443 ¹)
193 4380 263 4448 Sap.
281 4383 306 4441 7,
325 4380 370 4432 2⁷.

154 4458 175 4534 ³)
193 4463 278 4521 num.
295 4471 338 4532 aa,
360 4471 400 4520 ro·

155 4551 176 4626 i)
195 4560 218 4618 1.
227 4564 300 4627 neg.
320 4561 360 4621 td,
378 4563 422 4613 29.

155 4640 176 4713 ⁸)
192 4649 260 4704 uar.
278 4653 305 4714 a,
322 4653 349 4702 s.
367 4646 410 4702 or.
428 4643 517 4700 υτον.
538 4644 577 4713 to,
596 4644 639 4698 21.
659 4643 699 4696 ιε.
715 4644 758 4704 oo,
778 4641 819 4695 lo.
837 4637 928 4695 ueta.
946 4639 973 4702 o,
992 4638 1101 4689 ts-n.
