2926 5168
165 372 193 432 d.
216 381 250 432 ut
262 374 362 431 Deum
385 372 566 442 timeamus,
590 372 645 453 qast
656 375 764 452 potest
776 377 809 433 et
821 374 1001 436 animasset
1016 392 1134 454 eorpus
1146 375 1285 457 perdere

76 478 107 538 in
124 480 305 554 acteonem
327 476 361 557 ¹).

367 665 394 747 5.
418 664 481 735 21.
503 663 539 735 8.
563 665 604 734 b.
625 665 810 736 Summe
833 665 994 738 bonus.

151 833 325 898 Omnium
339 833 404 898 Dei
435 835 669 920 proprietatum
692 846 725 900 et
749 836 789 899 ad
805 835 1045 920 professionem
1063 838 1233 903 notissima
1255 849 1289 903 et

81 937 115 1000 at
135 939 419 1023 contemplandum
455 938 686 1022 jucundissima
715 938 785 1003 sine
809 939 905 1005 dubio
930 953 999 1016 est,
1032 964 1113 1028 quae
1133 945 1228 1008 modo
1245 942 1289 1007 di·

83 1042 257 1126 sputationi
272 1056 405 1110 nostrae
424 1046 591 1121 succedit,
615 1043 722 1108 divina
744 1045 928 1116 bonitas.
1021 1028 1024 1037 ι

146 1178 149 1183 ·
164 1147 228 1213 list
244 1161 353 1215 autem
368 1151 497 1215 bonitas
513 1149 577 1214 Dei
593 1148 656 1214 alia
678 1150 907 1228 naturalis,
931 1173 1013 1238 quae
1030 1155 1070 1219 ad
1086 1166 1235 1219 naturam
1247 1153 1290 1218 ti·

83 1253 188 1318 unam
203 1255 380 1322 universim
395 1254 633 1322 consideratam
642 1301 655 1335 ,
679 1255 740 1321 alia
762 1257 947 1332 moralis,
971 1279 1052 1345 quae
1071 1259 1111 1323 ad
1131 1259 1292 1326 internam

83 1358 173 1443 qnasi
186 1360 362 1426 voluntatis
379 1361 506 1426 divinae
520 1360 683 1434 indolem,
707 1371 739 1424 et
757 1359 821 1424 alia
842 1361 1049 1444 relativa,
1071 1383 1153 1448 quae
1170 1363 1210 1427 ad
1237 1385 1289 1427 vo·

86 1465 240 1530 luntatem
255 1465 394 1532 divinam
408 1472 543 1531 relatam
564 1467 603 1529 ad
619 1466 681 1530 alia
696 1464 782 1531 entia
800 1476 936 1550 spectat.

169 1568 358 1635 Bonitas
380 1570 580 1635 naturalis
603 1569 646 1634 nil
663 1569 746 1634 aliud
764 1580 837 1652 est,
859 1591 953 1656 quam
968 1572 1040 1658 ipsa
1055 1572 1219 1638 essentiae
1232 1594 1292 1639 seu

84 1684 219 1739 naturae
240 1674 367 1739 divinae
389 1673 511 1739 infinita
535 1674 703 1760 perlectis.
726 1674 801 1739 Hoc
823 1695 922 1740 sensu
942 1676 1035 1740 Deus
1051 1674 1174 1742 infinite
1188 1679 1294 1744 bonus

90 1790 158 1854 est,
182 1774 256 1864 quia
271 1800 366 1845 omne
379 1799 486 1866 genus
499 1799 651 1844 verarum
676 1778 933 1864 perfectionum,
956 1791 990 1845 et
1017 1779 1145 1867 qrritlem
1167 1804 1227 1868 per
1257 1803 1294 1848 se

86 1883 249 1967 possiden
271 1896 367 1971 atque
386 1885 470 1950 itanc
486 1884 665 1951 honitatem
678 1882 906 1969 intelligimus,
939 1886 1066 1970 quando
1092 1886 1197 1952 Deum
1232 1889 1294 1952 bo·

88 2009 177 2052 num
201 1987 481 2075 originarium
503 1994 578 2066 (bot
592 1988 812 2072 noetidpoffeoe
842 1987 926 2070 (but)
949 1990 1154 2075 adpellamus.
1175 1990 1295 2056 Boni·

87 2103 154 2157 tas
176 2093 410 2159 moralis‘in
430 2095 503 2158 Deo
529 2105 582 2158 est
601 2093 871 2179 ipsiusjabsolnta
890 2095 1057 2160 sanctitas.
1078 2095 1130 2158 De
1151 2096 1296 2160 bonitate

86 2197 148 2262 Dei
165 2199 304 2264 neutrali
319 2221 417 2279 snpra
433 2199 580 2288 egimus,
603 2212 638 2265 et
648 2202 688 2263 de
704 2196 846 2263 bonitate
860 2196 974 2261 morali
987 2196 1122 2263 inferius
1139 2220 1296 2288 agemus3

88 2303 169 2366 unde
198 2301 252 2368 hic
283 2303 410 2368 nonnisi
450 2305 491 2368 de
514 2304 704 2370 bonitate
726 2301 932 2386 relativas,
956 2322 1016 2367 seu
1037 2302 1076 2367 de
1100 2303 1292 2390 benigni·

88 2418 147 2472 tat
158 2427 186 2472 e·
198 2407 263 2472 Dei
279 2407 427 2477 dicimus.

169 2513 287 2579 Potest
322 2534 403 2578 vero
432 2513 614 2578 bonitas
635 2514 718 2579 haec
741 2512 928 2578 relativa
950 2533 1010 2578 seu
1041 2511 1295 2600 benignitas

87 2617 214 2683 definiri
252 2638 313 2684 ceu
342 2640 387 2683 ea
414 2617 630 2705 perfectio
652 2616 888 2682 voluntatis
920 2637 994 2683 seu
1023 2615 1295 2682 substantiae

89 2723 276 2800 divinae,
309 2745 388 2810 qua
419 2725 532 2789 Deus
561 2722 780 2789 creaturis
815 2720 1292 2807 tantumperiectionis

90 2848 134 2894 ac
155 2828 414 2905 ieiicitatis,
437 2842 630 2916 quantum
652 2839 808 2893 natura
828 2846 875 2892 ac
897 2846 1029 2892 nexus
1052 2827 1297 2902 earundem,

94 2953 169 2999 nec
200 2954 277 2999 non
309 2934 632 3020 sapientissima
659 2930 842 2999 consilia
872 2930 1017 2996 divina
1047 2931 1294 3011 patiuntur,

91 3037 248 3129 largiri
269 3059 373 3104 vere
395 3059 438 3105 ac
461 3050 726 3105 constanter
748 3038 854 3112 vult,
877 3058 936 3100 seu
958 3057 1031 3123 qua
1053 3037 1222 3102 entibus
1245 3037 1299 3101 ie·

94 3139 289 3210 licitatio
323 3144 557 3231 capacibus
588 3144 785 3210 absolute
821 3142 1023 3207 benevuit
1050 3162 1098 3207 ac
1127 3141 1299 3207 beneia-

88 3246 170 3336 cit3
194 3261 442 3336 quapropteret
462 3247 774 3314 benevolentia
806 3267 846 3313 ac
873 3245 1163 3313 beneficentia
1194 3246 1301 3315 divina

80 3348 294 3425 discernitur.

163 3461 267 3535 ,Haec
294 3459 400 3527 divina
425 3459 557 3526 bonitas
580 3461 673 3525 varia
701 3458 819 3543 accipit
833 3457 965 3522 nomina
978 3479 1039 3544 pro
1056 3457 1157 3522 variis
1172 3469 1299 3523 natina-

92 3578 170 3629 rum
195 3577 396 3641 creatarum,
419 3567 460 3630 ad
481 3587 561 3652 quas
586 3565 714 3641 attinet,
744 3562 989 3629 conditionibus.
1012 3563 1130 3628 Relata
1153 3564 1194 3628 ad
1215 3563 1301 3647 entia

81 3661 242 3738 tiberne
261 3671 377 3735 morali
396 3672 543 3757 praedita
560 3671 677 3737 dicitur
701 3668 895 3734 ebaritas
917 3666 1050 3753 (ἀγάπη)
1073 3675 1113 3743 ²),
1137 3669 1225 3732 etad
1244 3666 1301 3729 bo·

79 3770 195 3842 mines
235 3776 675 3862 speciatimbumanitas
707 3773 954 3859 (φιλανθρωπία)
978 3782 1017 3852 ⁸),
1041 3783 1199 3859 qnatenus
1235 3791 1300 3836 non

80 3883 291 3950 merentibus
308 3883 390 3948 dona
408 3882 535 3959 dividit,
566 3883 712 3970 gratia
742 3876 855 3966 (χάρις)
887 3879 933 3965 ⁴);
954 3878 1088 3965 {quando
1116 3875 1246 3942 miseris
1270 3885 1304 3939 et

75 3972 310 4071 indigentibus
337 3988 515 4064 succurrit,
537 4001 633 4075 atque
657 3985 824 4072 speciatim
846 3983 1012 4069 peccatori
1041 3983 1180 4068 spatium
1191 3979 1300 4067 poeni·

73 4087 231 4169 tentiae,
255 4104 289 4157 et
308 4092 487 4178 poenitenti
501 4115 580 4159 vere
596 4093 693 4158 etiam
713 4090 840 4156 veniam
867 4088 1032 4164 concedit,
1048 4085 1300 4167 misericor·-

62 4243 344 4282 Q·—

89 4322 126 4383 ¹)
162 4323 275 4387 Masta.
294 4333 337 4392 to,
353 4331 398 4383 es.

83 4410 119 4470 ²)
152 4413 254 4475 Dent.
272 4422 317 4483 3³,
334 4422 361 4473 ³.
379 4420 465 4471 Joan.
482 4419 508 4479 3,
530 4419 571 4472 to.
592 4419 615 4468 1.
633 4419 716 4469 toan.
733 4415 758 4477 n,
777 4424 800 4470 t.
822 4417 863 4467 to.

80 4487 110 4558 3)
148 4499 225 4565 Tic
243 4513 269 4577 a,
291 4511 316 4562 a.

76 4575 107 4644 4)
139 4587 251 4655 Rom·
267 4601 294 4661 8,
311 4599 353 4653 tt.
375 4597 485 4668 Epiros.
508 4597 532 4658 t,
549 4600 577 4650 6.
594 4599 621 4650 t,
