2926 5168
153 251 211 323 Μ

152 414 371 489 capnoscit
393 414 429 492 ¹).
452 407 489 472 ln
508 407 782 474 Proverbiis:
804 410 1002 492 Infernas
1019 412 1265 490 etperditie
1285 432 1352 477 ao·

154 538 239 577 ram
268 518 459 579 Domino:
490 524 637 600 quanto
666 520 792 595 mapis
825 518 953 579 eorda
979 517 1188 592 filiorum
1217 518 1352 581 leomi-

152 642 241 683 nnm
262 629 299 695 ²).
330 620 378 683 lta
396 619 490 685 etiarn
505 619 538 683 in
554 621 594 683 N.
614 621 829 685 Testamenlo
846 620 937 704 plura
958 632 1131 685 occurrunt
1148 621 1239 695 loca,
1259 643 1353 708 quae

150 725 235 789 idem
260 724 452 789 edisserunt.
483 723 663 809 Praecipue
692 741 798 789 aulem
830 726 893 789 huc
924 736 1071 809 spectant
1098 746 1146 801 ea,
1176 747 1258 812 quae
1288 728 1352 793 Dei

62 875 65 879 «
151 850 261 894 curam
279 850 317 894 ac
334 829 569 914 providentiam
592 831 634 895 ad
660 830 779 895 minuta
797 852 941 917 quaeque
963 831 1126 915 periinere
1141 831 1351 917 significant,

151 947 184 996 ut
200 932 255 996 ubi
271 952 440 1018 passeres,
464 945 497 997 et
515 953 595 1018 quae
617 933 664 997 eis
683 934 850 1012 accidunt,
874 936 965 1000 Dens
989 936 1106 1001 dicitur
1131 957 1265 1012 curare,
1287 937 1353 1002 lilia

152 1037 222 1125 agri
237 1036 371 1117 vestire,
393 1058 431 1102 ac
446 1038 592 1104 volatilia
603 1041 686 1105 coeli
709 1062 857 1126 pascere,
881 1053 914 1105 et
929 1042 990 1107 alia
1012 1044 1082 1126 ejus
1099 1043 1232 1131 generis
1251 1043 1289 1127 ³).
1312 1081 1353 1093 -

152 1142 346 1206 Nominatim
365 1164 443 1207 vero
462 1143 703 1211 innumerabilia
720 1146 751 1208 in
776 1147 811 1210 S.
830 1147 999 1231 Scriptura
1018 1159 1191 1213 occurrunt
1207 1146 1352 1212 testimo·

152 1247 212 1322 nia,
235 1268 315 1333 quse
331 1248 496 1323 homines,
520 1270 694 1335 eorumque
711 1251 942 1337 cogitationes,
972 1254 1072 1317 verba
1093 1264 1188 1339 atque
1207 1253 1353 1318 actiones

152 1354 293 1441 singulas
313 1355 415 1419 aDeo
433 1356 590 1442 cognosci
608 1376 646 1421 ac
661 1356 827 1441 dijudicari
842 1358 979 1421 tradunt.
996 1359 1136 1422 Omnia
1154 1361 1288 1433 eorda,
1310 1358 1355 1422 ait

151 1458 290 1528 David
303 1461 1244 1540 esadlitium,salamonemsarutaturDominus,et
1262 1469 1354 1527 uni·

151 1588 296 1630 versas
325 1573 522 1634 mentium
549 1572 824 1649 capitationes
853 1567 891 1652 ⁴).
929 1568 965 1632 ln
994 1567 1179 1633 Psalmis
1209 1566 1351 1654 legitur:

150 1672 318 1736 Domine
343 1673 531 1754 probasti
551 1694 620 1755 me,
642 1682 683 1736 et
700 1679 937 1753 aopnoaisti
957 1695 1033 1738 me:
1057 1687 1097 1739 tn
1117 1678 1355 1754 capnoaisti

150 1781 541 1852 sessionemmeam,
572 1786 612 1840 et
630 1783 999 1842 resurrectionem
1020 1799 1154 1845 meam.
1176 1779 1354 1842 Intelle-

150 1887 262 1945 uisti
285 1889 574 1964 capitationes
596 1906 710 1948 meas
732 1886 777 1948 de
799 1891 939 1963 lonae:
955 1889 1297 1965 semitarnmeam,
1319 1891 1356 1945 et

126 1990 395 2066 ,funiculum
420 2010 549 2052 meum
578 1994 865 2067 investipnsti.
894 1991 946 2051 Εἰ
975 2009 1107 2050 omnes
1135 1993 1223 2050 aias
1245 2009 1354 2051 meas

148 2095 425 2174 praevidisti:
448 2099 545 2176 quin
564 2116 640 2157 non
670 2103 732 2158 est
751 2116 883 2158 sermo
903 2100 945 2157 in
963 2095 1115 2172 linqua
1136 2114 1228 2155 mea.
1246 2101 1355 2157 ane

152 2199 327 2272 Domine,
350 2203 643 2278 tnaapnoaisti
660 2207 791 2262 omnia
808 2204 1034 2262 novissima
1051 2202 1298 2277 etantiqua:
1321 2206 1354 2262 tu

147 2307 298 2382 formasti
327 2324 393 2375 me,
425 2312 457 2366 at
480 2309 614 2384 posuisti
642 2326 739 2387 snper
772 2327 822 2367 me
852 2325 980 2367 manum
1006 2316 1102 2367 inum.
1132 2303 1176 2366 M
1180 2306 1353 2368 iratrilis

147 2414 271 2489 farta
293 2417 357 2471 est
386 2414 569 2472 seientia
589 2416 655 2472 tna
677 2431 726 2472 ea
748 2431 823 2473 me:
845 2413 1090 2486 confortata
1118 2415 1189 2480 est,
1219 2415 1256 2470 el
1275 2429 1354 2471 non

149 2520 300 2590 potero
331 2522 382 2576 ad
411 2536 497 2576 earn
530 2519 565 2598 ὅ).
600 2551 639 2560 -
668 2516 718 2576 De
749 2517 834 2578 coeto
863 2519 1009 2592 respenit
1034 2516 1212 2576 Dominus:
1241 2516 1355 2576 vidit

152 2639 288 2680 omnes
316 2621 450 2699 filios
478 2621 699 2682 hominnm.
733 2624 793 2683 De
821 2626 1074 2701 praeparato
1106 2620 1354 2682 habitaculo

151 2744 224 2786 sno
245 2728 438 2803 respeait
456 2744 584 2805 super
606 2746 758 2805 omnes,
781 2733 854 2805 qui
881 2726 1078 2786 habitant
1096 2731 1256 2788 terram.
1276 2722 1355 2798 Qui

148 2834 295 2910 linuit
313 2834 498 2909 sinpillutim
514 2833 752 2894 sardaeorum:
770 2831 1211 2914 quiintelliaitemnia
1227 2847 1355 2908 opera

153 2955 291 2997 eorum
319 2940 353 3014 6).
386 2969 423 2980 -
468 2936 580 2998 Danti
610 2938 782 2998 Domini
812 2957 939 3014 snper
960 2939 1125 3013 justes:
1155 2939 1195 2993 et
1224 2952 1356 2996 aures

153 3045 242 3119 ejas
269 3046 310 3101 in
332 3061 485 3120 preces
515 3063 667 3104 eorum.
695 3043 842 3104 Vultus
869 3052 1004 3110 antem
1025 3039 1195 3099 Domini
1223 3057 1355 3116 super

148 3149 375 3224 facientes
395 3145 521 3206 mala:
546 3154 583 3208 nt
610 3149 726 3226 perdat
745 3153 785 3208 ite
806 3157 895 3209 terra
915 3148 1096 3206 maniariam
1118 3162 1240 3205 eornm·
1253 3150 1294 3216 ⁷).
1316 3179 1353 3188 -

154 3259 258 3314 Dens
285 3258 326 3312 tu
358 3254 445 3312 sois
474 3254 767 3331 insipientiam
799 3272 939 3312 meam:
970 3248 1191 3310 etdelieta
1220 3270 1307 3311 mea
1335 3270 1354 3309 a

155 3365 190 3417 te
210 3364 406 3419 nonsnnt
426 3357 677 3420 absconditu
698 3354 744 3444 ⁸).
774 3392 814 3401 —
851 3360 910 3428 Qui
928 3357 1085 3434 plantavit
1112 3373 1244 3426 eurem,
1277 3373 1353 3415 nan

153 3464 323 3524 audiet?
363 3473 420 3523 ant
464 3466 519 3542 qni
546 3464 644 3541 [irruit
674 3463 820 3541 acuum,
860 3481 955 3522 non
988 3460 1258 3521 considerat?
1295 3457 1352 3532 (tat

153 3571 283 3647 corripit
299 3574 430 3646 pentes,
460 3587 541 3629 non
562 3574 729 3644 arpnet:
760 3570 825 3648 qui
853 3567 970 3627 docet
999 3570 1197 3626 nominem
1217 3567 1350 3626 seien-

154 3677 247 3736 tiam
279 3673 341 3752 102
368 3677 402 3732 13
432 3668 705 3734 Proverbiis:
732 3674 778 3733 In
802 3674 905 3734 omrai
936 3676 1026 3733 toro
1054 3670 1167 3731 oculi
1189 3667 1349 3730 Domini

187 3924 212 3983 ¹)
232 3923 279 3976 Pe.
300 3926 358 3988 137,
377 3927 401 3975 6.
422 3924 466 3976 cf.
484 3922 552 3976 Job.
570 3925 612 3981 28,
633 3925 679 3974 21.
697 3924 740 3988 31,
758 3925 801 3976 21.

186 4011 210 4078 ²)
231 4014 316 4066 Prov.
336 4017 377 4076 15,
397 4017 436 4064 11.
456 4013 499 4066 Gt.
519 4013 585 4064 Joh.
603 4015 646 4075 26,
664 4015 690 4063 6.

186 4100 210 4166 ³)
228 4103 330 4155 Matlh.
351 4107 390 4164 10,
409 4105 452 4155 29.
472 4106 541 4156 Luc.
562 4106 603 4164 12,
621 4106 647 4154 6.

186 4191 212 4254 ²⁶)
232 4197 257 4245 1.
275 4192 367 4243 Perat,
385 4195 427 4253 28,
446 4197 472 4245 9.
491 4194 533 4245 Cf.
551 4194 594 4254 29,
614 4195 656 4244 17.

188 4280 211 4347 ⁵)
229 4289 279 4337 Ps.
300 4287 356 4344 res,
377 4286 450 4333 1-s.
469 4283 512 4336 cf.
532 4285 625 4334 7-12.
644 4286 669 4332 o.

186 4368 210 4435 ⁶)
229 4376 277 4426 rs.
295 4378 342 4435 ³2,
361 4375 470 4425 13-15,

188 4463 211 4525 ⁷)
230 4465 277 4514 ns.
296 4467 339 4525 33,
360 4465 468 4513 ισψιπ.
488 4463 528 4513 cl.
546 4467 589 4527 37,
609 4465 650 4513 ιο.

188 4547 386 4617 nmmo

186 4639 211 4704 ⁹)
229 4643 278 4695 Pa.
295 4644 338 4705 93,
356 4644 383 4694 9.
403 4645 442 4696 10.
462 4642 507 4696 cl.
523 4643 566 4703 43,
585 4643 625 4693 22.
647 4642 703 4703 118,
724 4641 781 4692 loe,
800 4643 825 4701 7,
848 4642 887 4692 10.
