2926 5168
1278 231 1342 300 259

134 396 185 472 τῆς
202 392 352 470 δυνάμεως
368 388 470 455 αὑτοῦ.
488 389 610 473 Atque:
634 388 773 450 unsara
793 390 836 451 in
857 391 943 466 ipso
965 393 1166 461 coustant,
1189 379 1227 446 τὰ
1245 382 1342 447 πάντα

134 493 266 573 13331333
288 497 450 577 συνέστηκε.
472 494 614 579 Utraque
636 504 752 566 atatem,
776 503 839 555 tarn
861 491 983 557 creatio
1016 512 1108 576 quam
1127 489 1340 562 conservatio,

135 601 174 663 ad
196 604 342 664 actiones
363 600 488 664 divinas
505 599 648 684 pertinet
669 598 707 684 ¹),
731 599 996 684 quemadmodum
1015 608 1049 661 et
1072 596 1196 684 gratiae
1217 595 1342 659 divinae

133 705 366 782 reconciliatio,
383 727 477 791 qsram
488 703 617 771 Christo
634 705 810 790 Apostolus
826 702 971 769 attribuit
984 702 1111 767 verbis:
1134 702 1343 781 Parqutlo·

133 834 311 896 nemque
328 827 599 894 peccatorum
619 818 803 894 (ueiens,
826 809 864 873 δι’
888 814 994 873 ἑαυτοῦ
1015 803 1205 891 καθαρισμὸν
1225 808 1344 889 ποιησά-

131 941 221 999 μενος
242 925 300 980 coir
321 916 472 1001 ἁμαρτιῶν
492 922 574 1002 ἡμῶν
597 928 633 995 ²).

218 1023 320 1088 Hisce
338 1045 431 1110 quam
454 1024 594 1089 maxime
612 1036 804 1112 congruunt,
829 1048 910 1113 quae
938 1026 1012 1092 alibi
1035 1026 1067 1090 in
1092 1024 1238 1111 epistolis
1263 1025 1345 1089 Pau·

127 1129 209 1192 linis
239 1130 278 1192 de
310 1130 392 1194 Jesu
430 1128 562 1195 Christo
601 1143 782 1196 occurrunt.
824 1132 959 1212 Quando
992 1131 1138 1195 nimirum
1170 1130 1346 1214 Apostolus

123 1235 241 1298 relate
263 1236 302 1299 ad
325 1232 489 1300 Christum
511 1237 616 1300 Deum
639 1237 803 1301 Patrem
836 1258 935 1301 sensu
958 1235 1109 1301 eminenti
1132 1235 1288 1320 adpellat,
1312 1246 1344 1298 et

122 1339 303 1404 Christum
322 1341 436 1405 desum
459 1343 572 1406 eodem
594 1364 693 1407 serrsu
715 1342 864 1407 Filium
886 1342 974 1425 Dei,
997 1342 1144 1406 Filium
1160 1341 1237 1404 Dei
1259 1361 1345 1424 pro=

119 1445 285 1530 prium,
302 1445 613 1511 antFiliumDei
636 1447 868 1532 perfectum
888 1448 928 1512 in
952 1460 1172 1513 aeternum
1195 1454 1291 1510 vocat
1308 1450 1347 1526 ³),

116 1551 268 1634 ipsum
291 1570 396 1626 esse,
419 1551 472 1625 ait,
495 1554 582 1616 lteri
603 1563 643 1615 el
663 1557 809 1617 leodic:
833 1554 967 1638 ipsum
990 1561 1026 1615 el
1045 1559 1085 1615 in
1105 1553 1277 1615 caecula
1299 1553 1347 1634 ⁴);

120 1675 212 1718 eum
230 1654 451 1721 Dominum
474 1656 641 1744 gloriae
662 1657 809 1741 perhibet
829 1658 864 1744 ⁵),
881 1665 1049 1739 propter
1072 1677 1186 1739 quem
1207 1659 1347 1727 omnia,

119 1767 549 1844 perquirendorum,
582 1770 621 1824 et
640 1784 711 1825 nos
732 1768 772 1826 in
793 1764 913 1826 illum
935 1771 984 1846 ⁸];
1007 1761 1060 1847 qui
1081 1759 1124 1824 sit
1145 1762 1350 1822 Dominus

125 1872 337 1930 vivorum
365 1873 407 1929 et
434 1875 683 1930 mortuorum
713 1874 763 1950 ⁷),·
793 1868 845 1953 qui
875 1865 1162 1954 Evangelium
1192 1862 1349 1949 praedi·

130 1970 342 2035 cantibus
365 1971 616 2045 assistat,
651 1972 930 2059 omnibusque
954 1969 1242 2036 necessariam
1265 1988 1350 2058 gra·

134 2076 238 2139 tiam
262 2074 468 2162 largiatur
491 2076 527 2162 ⁸),
550 2087 697 2140 noster
720 2087 827 2141 autem
851 2078 1031 2161 etjudex
1053 2076 1238 2150 existat,
1276 2086 1349 2138 ante

138 2184 234 2265 cujus
257 2184 439 2245 tribunal
459 2205 482 2245 n
499 2204 547 2247 33
580 2205 643 2245 ons
659 2205 681 2246 n
697 2206 750 2248 es
771 2188 1038 2264 manifestari
1059 2190 1220 2264 oportet
1241 2179 1288 2264 ⁹);
1310 2179 1348 2243 i'n

141 2306 261 2372 quem
283 2285 389 2371 itaque
412 2288 657 2354 credendum
682 2296 744 2371 ¹⁰),
776 2291 1030 2373 sperandum
1066 2292 1126 2375 ¹¹),
1158 2299 1190 2352 ct
1219 2285 1272 2373 qui
1304 2285 1349 2349 ab

142 2390 348 2472 omnibus,
372 2403 405 2456 et
426 2392 552 2479 quidem
575 2416 701 2479 super
724 2395 860 2460 omnia
884 2395 936 2458 sit
957 2394 1218 2481 diligendus,
1252 2392 1296 2455 ita
1317 2402 1352 2455 ut

143 2519 203 2561 nos
228 2517 247 2560 a
275 2494 433 2561 charitate
458 2497 581 2564 Christi
602 2521 706 2586 neque
727 2499 907 2574 tribulatio,
929 2519 1032 2586 neque
1059 2499 1225 2586 angustia,
1247 2517 1351 2583 neque

142 2603 256 2677 fames,
279 2622 382 2687 neque
399 2603 538 2678 nuditas,
562 2627 664 2692 neque
683 2605 874 2690 periculum,
896 2625 999 2691 neque
1016 2601 1217 2689 persecutio,
1250 2621 1352 2686 neque

143 2709 283 2796 gladius,
306 2727 409 2791 neque
425 2730 524 2784 mors,
547 2731 650 2794 neque
664 2711 741 2784 vita,
763 2731 866 2797 neque
882 2709 999 2795 angeli,
1021 2729 1124 2795 neque
1142 2706 1350 2793 principatus,

143 2833 249 2898 neque
271 2812 425 2888 virtutes,
454 2834 556 2899 neque
579 2815 749 2887 instantia,
782 2836 885 2901 neque
911 2815 1035 2887 futura,
1063 2833 1167 2898 neque
1189 2811 1352 2884 fortitudo,

143 2938 248 3004 neque
268 2915 416 2998 altitudo,
438 2939 541 3004 raeque
556 2918 757 3005 profundum,
780 2942 884 3007 neque
904 2930 1054 2984 creatura
1070 2917 1131 2982 alia
1147 2928 1279 3002 separet
1292 2921 1352 2996 ¹²);

142 3023 197 3109 qui
233 3021 277 3085 sit
307 3036 512 3097 sanctus,
545 3034 808 3106 seyreqntuo
837 3027 1174 3107 succentoribus
1201 3022 1258 3106 ¹³),
1289 3043 1353 3085 no·
1409 3072 1412 3077 .

144 3138 352 3211 atraeque
384 3129 576 3192 salutis
608 3150 654 3194 ac
685 3130 935 3196 sanctitatis
959 3135 1235 3205 auctor¹⁴);
1263 3127 1354 3209 cujus

145 3300 402 3315 m

181 3381 205 3446 ¹)
223 3379 268 3434 01.
288 3380 354 3445 Sap.
376 3382 416 3441 11,
435 3381 480 3431 20.

179 3461 204 3528 ²)
223 3467 265 3519 (11.
284 3465 411 3532 cyrill.
430 3467 532 3517 Alex.
553 3470 628 3520 71333.
646 3474 744 3521 Assera.
765 3473 813 3521 13.
832 3469 901 3536 opp.
921 3470 955 3522 Τ.
973 3473 998 3520 5.
1016 3470 1049 3521 Ρ.
1070 3472 1092 3520 1.
1111 3482 1136 3533 p.
1156 3469 1214 3519 139.

177 3550 205 3620 ³)
222 3559 248 3608 2.
268 3559 331 3609 cor.
351 3561 398 3617 ιι,
416 3558 458 3607 33.
476 3555 540 3607 oar.
559 3557 593 3615 a.
611 3559 635 3609 3.
654 3559 736 3611 nom.
757 3561 780 3619 ι,
798 3560 825 3611 3.
843 3558 869 3610 a.
887 3559 920 3620 3,
938 3561 964 3611 3.
983 3561 1013 3619 3,
1032 3559 1075 3610 aa.
1095 3559 1119 3610 ι.
1139 3556 1206 3611 cor.
1226 3558 1250 3616 ι,
1268 3557 1295 3607 3.
1315 3556 1355 3614 15,

145 3649 189 3700 28.
209 3647 275 3700 Gal.
290 3649 316 3708 2,
335 3649 378 3700 20.
395 3646 454 3697 Col.
475 3648 499 3706 t,
521 3647 560 3699 13.
579 3645 667 3699 11303.
687 3649 712 3709 l,
732 3649 773 3702 l's.
791 3652 817 3709 5,
835 3650 860 3700 8.
879 3652 904 3707 7,
922 3649 964 3699 28.
985 3649 1026 3711 10,
1044 3647 1086 3697 29.

180 3735 314 3802 9)1131)3.
334 3739 374 3798 13,
393 3741 417 3789 8.

180 3822 205 3893 ⁵)
226 3833 251 3879 l.
269 3826 337 3878 Cor.
353 3828 380 3890 2,
397 3830 422 3878 8.

181 3910 206 3981 ⁶)
224 3914 313 3967 Ilchr.
331 3917 357 3978 2,
377 3918 417 3968 10.
440 3917 461 3968 1.
480 3916 545 3968 Cor.
561 3918 587 3978 8,
605 3917 630 3967 8.

181 4003 309 4069 7)11333.
329 4007 370 4068 1²⁴,
388 4009 414 4058 9.
435 4009 459 4062 1.
479 4006 546 4059 Cor.
566 4008 668 4065 15,17.

181 4090 206 4157 ⁸)
225 4096 368 4157 23113333,
381 4096 524 4162 71131333.
535 4099 561 4158 2,
575 4097 617 4146 21.
633 4097 673 4146 22.
684 4097 711 4157 3,
722 4097 761 4146 17.
769 4098 794 4148 2.
808 4095 912 4148 Thess.
922 4096 947 4155 2,
961 4095 992 4143 15
1002 4107 1025 4145 3.
1038 4096 1062 4147 1.
1077 4092 1180 4147 Thess.
1191 4095 1217 4154 3,
1233 4094 1322 4152 11.12,

182 4185 207 4248 ⁹)
225 4189 251 4237 2.
271 4188 336 4240 Gor.
354 4189 380 4247 5,
399 4189 441 4238 10.
459 4188 541 4240 Rom.
562 4186 602 4248 l-l,
622 4188 661 4236 lo.
680 4185 743 4237 Act.
766 4187 805 4246 17,
823 4186 865 4239 31.

185 4272 224 4341 ¹⁰)
242 4277 305 4329 Act.
323 4278 367 4338 20,
384 4278 425 4327 21.

185 4365 220 4430 ¹1)
241 4368 266 4417 1.
284 4365 354 4417 rim.
374 4367 398 4428 1,
419 4369 442 4419 ι.
460 4365 521 4417 001.
542 4368 565 4426 ι,
583 4369 624 4418 2⁷.
644 4368 726 4419 nom.
748 4369 788 4428 33,
810 4368 849 4416 12.

186 4456 222 4518 ¹²)
244 4457 268 4506 l.
287 4454 352 4505 Gor.
371 4456 412 4515 10,
430 4457 473 4506 22.
491 4456 572 4507 Rom.
589 4459 614 4518 8,
632 4458 666 4508 35
682 4469 723 4505 33.

187 4536 223 4607 ¹³)
241 4543 351 4595 2.·033.
370 4547 395 4609 5,
413 4546 458 4597 21.
475 4543 565 4596 11303.
582 4546 609 4609 ll,
629 4547 667 4595 15.
687 4548 714 4607 7,
731 4547 775 4597 28.

188 4630 224 4696 ¹l)
245 4634 268 4687 1.
288 4631 357 4686 Cor.
377 4636 400 4698 1,
419 4637 445 4689 2.
465 4635 506 4687 cl.
521 4636 604 4687 Rom.
624 4636 664 4694 10,
685 4636 725 4688 12.
747 4637 788 4689 13.
807 4632 879 4684 Gon.
897 4631 922 4692 9,
941 4634 982 4684 26.
1008 4632 1070 4684 Jer.
1090 4632 1130 4691 10,
1147 4632 1190 4682 25.
1212 4636 1215 4641 ’

1084 4718 1160 4784 17*
