2926 5168
123 222 187 306 m

190 373 394 455 785551155
413 390 552 469 quidem,
580 401 671 467 prout
700 393 737 450 ‘et
763 380 815 450 alii
830 394 906 451 “viri
938 383 1017 453 docti
1036 372 1259 465 'recentiores'
1276 397 1332 455 sibi

122 497 348 575 deprehendere
379 493 520 556 videntur
551 486 684 574 vestigia
711 507 827 574 quoque
854 497 945 572 hujus
967 501 1108 559 veritatis
1129 492 1211 577 apud
1233 490 1333 572 ludos,

119 605 234 662 Persas
257 612 287 662 et
309 590 388 663 alios
409 604 546 679 populos,
567 604 625 661 'nec
648 621 706 662 uon
729 603 805 681 apud
827 588 1037 681 philosophos,
1058 608 1240 665 nominatim
1256 609 1332 684 'apud

120 707 342 785 Pythagoram,
365 709 415 785 qui
437 718 595 765 numerum
618 709 784 766 ternarium
808 719 1038 768 sacrosanctum
1062 719 1091 770 et
1117 720 1251 772 'naturae
1272 733 1332 787 my·

121 814 248 872 sterium
272 814 443 884 existimat,
467 821 497 871 et
519 812 692 882 Platonem,
715 815 765 891 qui
788 814 948 891 distinguit
969 812 1104 887 Patrem,
1127 828 1262 880 mentem
1283 839 1333 898 pa·

120 928 238 978 ternam
261 937 315 978 seu
332 917 432 998 λόγον,
455 919 557 977 mundi
581 920 739 995 opilicem,
759 925 854 997 atque
874 920 1021 991 animam,
1044 941 1101 1000 qua
1120 933 1234 983 cuneta
1265 904 1332 985 con·

122 1026 296 1097 lincuntur,
319 1028 378 1083 nori
411 1033 510 1084 tannen
542 1025 639 1085 Patri
658 1028 818 1103 aequales,
851 1026 904 1084 sed
945 1032 982 1087 eo*
1014 1029 1179 1088 inferiores
1204 1024 1242 1104 ¹).
1273 1031 1335 1088 Nec

102 1141 186 1213 ¹esst,
209 1149 263 1190 cur
284 1131 312 1189 id
336 1136 482 1209 negetur,
506 1133 572 1190 etsi·
586 1132 677 1190 lateri
700 1131 806 1200 debet,
829 1134 937 1191 Patres
957 1141 1051 1211 'saepe
1071 1145 1257 1194 eonsensum
1273 1136 1333 1211 pla·

123 1239 252 1296 citarum
278 1233 458 1313 sapientium
490 1232 756 1313 gentilium‘justo
792 1238 859 1312 plus
891 1228 1028 1308 uisisse,
1057 1247 1087 1296 et
1118 1248 1333 1317 ‘nonuunquam

122 1343 341 1420 exaggerasse,
365 1349 398 1399 ut
420 1336 456 1399 eo'
476 1341 595 1399 facilius
617 1349 813 1418 paganorum
826 1343 941 1400 animos
964 1342 1124 1419 religionis
1139 1331 1333 1403 Christianae

122 1449 277 1523 mysteriis
308 1447 515 1519 conciliarent
547 1437 762 1530 llecentiorum
803 1455 902 1505 autem
936 1447 1144 1505 conaminibus
1179 1450 1334 1508 contraria

124 1554 252 1613 consilia
275 1553 421 1623 subesse,
445 1553 475 1609 in
498 1553 657 1647 propatulo
682 1559 743 1622 cst,
767 1552 845 1610 unde
868 1560 898 1609 et
918 1553 1010 1631 louge
1039 1555 1154 1633 petita,
1184 1563 1215 1613 et
1245 1572 1333 1631 saepe

121 1642 247 1717 ridicula
270 1663 447 1734 conger-‚unt
469 1640 533 1716 Non
557 1663 647 1733 posse
672 1665 773 1717 tamen
797 1645 965 1716 doctrinam
984 1658 1192 1717 Christianam
1216 1659 1254 1718 de
1275 1659 1332 1721 SS.

122 1763 273 1822 Trinitate
297 1782 335 1820 ex
358 1760 491 1835 ejusdem
513 1762 676 1838 vestigiis,
688 1778 776 1836 quac
799 1746 875 1838 apud
906 1761 1046 1820 Gentiles
1076 1770 1106 1820 et
1137 1761 1333 1841 philosophos

122 1867 330 1935 inveniuntur,
353 1865 471 1939 repeti,
490 1862 554 1937 jam
587 1882 625 1921 ex
654 1848 758 1922 eorum
789 1860 951 1924 collatione
983 1883 1050 1925 cum
1073 1867 1143 1939 illa,
1166 1887 1244 1945 quae
1268 1886 1331 1945 spe·

122 1973 169 2030 cie
192 1979 321 2030 externa
343 1968 461 2046 quidem
484 1967 590 2026 iisdem
613 1969 772 2040 convenit,
796 1987 830 2027 re
852 1970 919 2045 ipsa
940 1980 1039 2029 autem
1062 1989 1191 2048 prorsus
1224 1981 1273 2032 est
1293 1973 1331 2031 di·

123 2095 223 2145 versa,
246 2092 302 2132 uec
323 2091 382 2132 non
400 2072 465 2147 jam
488 2071 556 2130 inde
580 2073 795 2149 cognoscitur,
819 2072 895 2151 quod
917 2073 1028 2134 haecce
1058 2078 1192 2155 vestigia
1215 2078 1330 2137 indiciis

123 2181 223 2240 iuss,
236 2184 272 2240 Α.
282 2179 316 2239 Τ.
331 2179 392 2240 LL.
404 2177 635 2237 occurrentibus
662 2179 753 2256 longe
785 2166 962 2238 obscuriora
984 2182 1056 2243 sint.
1081 2180 1190 2241 Omnia
1214 2184 1329 2261 potius,

124 2305 199 2365 quae
227 2281 285 2344 hoc
317 2292 458 2361 respectu
488 2283 519 2341 in
551 2276 646 2341 variis
675 2284 836 2361 religionis
859 2276 1080 2358 systematibus
1103 2286 1284 2363 populorum
1304 2295 1328 2344 et

123 2395 152 2452 iu
177 2392 301 2468 scriptis
323 2376 572 2466 pbilosophorum
595 2389 879 2466 deprehenduntur,
901 2399 1044 2468 tanquam
1071 2391 1221 2466 reliquiae
1252 2409 1326 2450 reue·

123 2498 247 2557 lationis
263 2495 469 2574 originariae,
493 2496 702 2570 protoparenti
724 2513 742 2553 a
763 2496 828 2553 Deo
850 2495 967 2564 iactae,
990 2504 1080 2572 atque
1102 2514 1158 2572 per
1188 2493 1256 2569 ejus
1270 2574 1272 2578 ι
1285 2513 1323 2570 po·

125 2611 227 2662 steros
250 2599 286 2658 ad
309 2618 414 2657 omnes
436 2607 545 2676 gentes
576 2607 783 2683 propugatae,
807 2600 943 2676 quamvis
971 2601 1055 2659 vario
1082 2599 1172 2660 modo
1199 2602 1321 2658 immuta·

125 2718 183 2778 tae,
207 2713 295 2782 atque
316 2705 408 2787 etiam
427 2696 584 2775 foedatae,
607 2714 677 2763 sunt
697 2682 933 2773 consideranda,
956 2715 1006 2781 aut
1029 2706 1118 2764 ctiam
1137 2710 1176 2765 ox
1201 2697 1319 2766 doctriua

124 2810 310 2870 ,Iudaeorum
336 2826 498 2886 eorumque
521 2826 678 2868 sacrorum
699 2811 862 2869 Librorum
885 2819 955 2869 sunt
978 2809 1122 2870 derivata.
1139 2804 1220 2870 'llam
1242 2811 1316 2888 pbilo-

125 2917 237 2994 sophos
260 2933 410 2994 graecos,
433 2902 609 2973 nominatim
631 2917 789 2974 Platonem
812 2916 909 2975 libros
932 2911 1051 2990 Moysis
1070 2918 1180 2975 saltem
1202 2917 1314 2980 novisse,

125 3017 197 3081 alibi
215 3021 419 3088 ostendimus,
450 3029 480 3078 et
495 3022 592 3097 ipsum
609 3021 766 3083 exordium
779 3021 895 3080 Timaei
910 3039 977 3080 cum
990 3022 1106 3080 Genesi
1126 3031 1312 3100 comparatum

126 3127 315 3187 demonstrat
333 3124 368 3209 2).

345 3314 369 3396 5.
393 3310 456 3382 52.
481 3311 748 3399 mysterium
770 3313 842 3383 OS.
865 3308 1117 3380 Trinitatis.

207 3482 263 3546 Ex
285 3481 379 3546 dictis
400 3481 507 3566 itaque
530 3492 675 3556 constat,
693 3483 788 3565 juxta
812 3479 875 3545 SS.
897 3479 1060 3552 Litteras,
1092 3478 1230 3545 divinam
1250 3478 1311 3543 ru·

126 3587 277 3652 ditionem
287 3584 721 3671 antiquissimaeEoclcsiae‚
744 3600 836 3671 atque
854 3586 1019 3649 solennem
1029 3584 1216 3672 Magisterii
1234 3581 1311 3649 eccle-

126 3691 252 3756 siastici
282 3689 509 3764 definitionem,
538 3711 656 3754 revera
691 3702 760 3755 tres
792 3711 868 3754 esse
898 3689 1022 3754 divinas
1049 3698 1210 3775 personas
1239 3684 1310 3753 uolut

126 3798 334 3881 ejusdemque
361 3815 496 3858 numero
534 3794 732 3859 substantiae
765 3795 901 3861 divinae.
926 3794 1085 3874 Quoniam
1117 3816 1198 3877 ergo
1219 3795 1249 3860 in
1266 3806 1310 3854 uuo

160 3990 244 4056 1)()1.
263 3989 407 4041 lustin.
427 3990 532 4040 Colore.
551 3989 588 4036 od
606 3989 683 4038 Genu.
703 4003 730 4039 a.
751 3990 800 4038 14.
818 4003 852 4037 ss.
875 3984 948 4052 Opp.
966 4000 993 4052 p.
1013 3986 1044 4034 17
1063 4000 1105 4037 ss.

146 4066 245 4143 '’J‘'(li.
262 4061 540 4138 succurramur:
559 4078 708 4137 livonensi.
728 4079 778 4126 11.
797 4079 813 4125 c
844 4080 871 4126 9.
882 4079 916 4141 'p.
936 4075 987 4125 523
1006 4088 1032 4126 s.
1048 4090 1084 4111 ⁴—
1102 4069 1307 4127 Theodorei

126 4175 168 4222 De
184 4171 271 4229 prise.
291 4155 378 4220 Sem.
398 4164 425 4219 ’2,
445 4166 512 4233 0p'p.
532 4165 564 4216 Τ.
583 4165 609 4214 h.
629 4178 657 4229 p.
676 4165 727 4216 tus
746 4179 786 4216 σε.
804 4186 837 4202 v·-
854 4165 963 4216 Huet.
981 4168 1071 4217 Alaea.
1091 4173 1195 4228 quaest.
1214 4167 1308 4215 715511·

126 4262 199 4313 cord.
217 4267 268 4309 rot.
286 4265 313 4308 et
326 4260 372 4316 1111.
390 4261 411 4307 1.
427 4243 502 4306 ’1.-5,
523 4258 551 4305 3.
571 4259 604 4305 de
623 4255 678 4306 88.
699 4256 792 4308 Triait.
810 4255 883 4307 Ven.
904 4256 978 4305 1761.
997 4268 1023 4320 p.
1040 4243 1309 4316 ωσι-5117577

126 4331 732 4410 55151575157155555155515.615115
748 4331 779 4393 ³2.
802 4338 852 4408 cn.
881 4357 908 4407 p
926 4340 1142 4408 571515.»
1178 4344 1228 4393 715
1249 4354 1269 4389 s.
1286 4356 1309 4371 ν

126 4422 1308 4499 615115555,5171515175155111371151Μ5555-5155115155557

71 4519 73 4523 ’
125 4523 306 4590 {ammendorp
321 4523 365 4576 bet
378 4519 524 4590 (5555551115
542 4522 585 4575 bet
613 4516 742 4588 5111111115.
766 4515 905 4587 55515555
931 4517 1186 4605 5115555555.
1207 4504 1308 4583 5111157

127 4612 305 4687 neocastren.
324 4611 526 4681 isanparto.
