2926 5168
120 230 187 297 3114

122 393 239 467 torque
286 393 396 447 certae
440 394 552 456 notae,
596 402 679 466 quae
718 383 941 446 characterem
986 383 1143 466 cujusque
1172 396 1332 468 personae

121 488 287 573 proprium
320 487 536 570 constituunt,
571 508 632 572 quo
667 487 708 549 ab
735 486 875 552 invicem
906 487 1158 574 distinguuntur.
1190 490 1334 576 Qrmpro·
1369 552 1372 559 .

122 606 195 678 pter
217 593 488 678 praecedentibus
501 593 693 658 tractatibus
713 592 902 658 necessario
927 593 1031 658 adbuc
1047 604 1210 665 tractamus
1248 619 1335 678 prae·

123 721 200 764 sens
223 700 270 763 de
292 698 449 763 divinis
472 699 842 785 processionibus
870 720 914 764 ac
945 698 1194 765 notionibus
1227 701 1336 787 adjici·

122 816 190 875 tur;
213 825 328 889 quum,
351 803 480 890 negatis
497 804 606 877 hisce,
635 823 797 888 personae
828 803 956 869 divinae
981 826 1000 870 a
1022 826 1058 869 se
1082 805 1224 871 invicem
1253 808 1336 871 baud

129 909 308 975 differrent.
330 909 430 985 Hinc,
454 930 536 995 quae
548 909 601 974 bic
621 909 755 974 dicenda
765 909 907 986 veniunt,
922 909 1050 976 minime
1071 911 1338 999 sunttalia‚quae

123 1017 325 1081 solummodo
338 1017 379 1079 ad
395 1036 511 1080 vanam
524 1015 780 1101 speculationem
796 1016 983 1083 inserviant.

121 1207 146 1291 §-
170 1202 232 1276 sl.
257 1203 381 1280 auto
403 1202 905 1378 processiossrltcrnotio?
938 1244 975 1254 -
1001 1205 1225 1279 ”ostrina
1255 1211 1337 1281 Oa·

689 1327 816 1379 omo

206 1480 274 1544 Sub
297 1481 579 1564 processione
601 1478 633 1543 in
645 1498 768 1566 genere
791 1477 981 1565 intelligitur
1010 1481 1136 1570 origo
1157 1486 1228 1550 rei
1255 1487 1337 1551 uni·

121 1607 172 1650 us
196 1587 243 1651 ab
267 1586 359 1650 alia.
383 1584 604 1675 Distinguitur
632 1581 740 1648 autom
771 1583 940 1669 processio
972 1587 1109 1671 duplex,
1149 1602 1337 1656 externa

123 1705 156 1758 et
177 1694 365 1774 interna,
389 1713 464 1768 seu,
487 1695 642 1777 utaJunt,
667 1693 717 1755 ad
740 1703 865 1755 extra
888 1703 921 1754 et
949 1692 994 1755 ad
1015 1690 1138 1757 intra.
1161 1693 1259 1760 Prior
1284 1697 1335 1761 ob·

122 1799 219 1873 tinet,
242 1798 369 1885 quando
386 1818 440 1862 res
455 1809 544 1872 orta,
570 1817 630 1861 seu
649 1798 810 1882 producta
832 1806 929 1860 extra
949 1814 1081 1860 causam
1100 1818 1194 1862 suam
1215 1800 1334 1876 existit

123 1905 174 1970 cui
187 1902 348 1991 originem
364 1903 479 1976 debet;
502 1903 605 1966 altera
620 1922 719 1975 vero,
743 1920 825 1985 quae
841 1898 937 1963 etiam
966 1901 1056 1964 imm
1068 1921 1200 1966 aneu·
1233 1905 1336 1988 adpel-

120 2012 205 2074 latm
228 2020 269 2089 ¹),
292 2008 399 2073 locum
416 2008 524 2081 babet,
548 2006 577 2071 si
590 2007 636 2089 id,
661 2007 747 2091 quod
770 2004 883 2080 oritur,
906 2004 1073 2090 principio,
1097 2008 1138 2070 ad
1155 2009 1243 2093 quod
1269 2012 1335 2094 ejus

123 2115 217 2203 origo
235 2125 286 2177 est
306 2113 492 2187 referenda,
521 2110 652 2175 insitum
680 2120 796 2174 manet.
818 2108 879 2173 Ubi
905 2110 944 2172 de
968 2112 1235 2193 processionibus
1262 2114 1336 2178 divi·

122 2221 172 2283 nis
192 2219 312 2300 agitur,
335 2218 462 2282 nonnisi
477 2219 517 2282 de
528 2215 795 2302 processionibus
813 2214 986 2294 posteriori
1002 2216 1334 2304 sensuacceptisser'-

123 2345 251 2389 monem
264 2323 335 2388 lieri
355 2343 475 2408 posse,
499 2321 769 2407 quemadmodum
788 2320 906 2394 etiam,
930 2318 1038 2382 abeis
1062 2340 1157 2384 omne
1188 2332 1334 2408 tempus,

124 2451 282 2514 omneque
300 2428 451 2493 accidens
469 2427 703 2491 secludendum
719 2445 814 2498 esse,
836 2445 895 2508 per
913 2443 950 2488 se
965 2422 1167 2513 intelligitur.

206 2535 285 2598 Est
326 2555 408 2620 ergo
439 2530 671 2616 processio
701 2529 841 2593 divina
878 2529 1127 2605 immanens,
1157 2544 1332 2598 aeterna

125 2661 169 2705 ac
197 2637 456 2703 necessaria
487 2634 609 2722 origo
644 2635 769 2698 unius
799 2654 1010 2720 personae
1037 2635 1085 2698 ab
1123 2636 1281 2713 altera,
1303 2650 1330 2701 et

124 2744 260 2809 sumitur
278 2753 333 2805 aut
356 2741 504 2806 active
528 2741 707 2826 (prolatio),
728 2752 878 2825 tanquam
896 2739 982 2806 actio
1011 2740 1137 2818 divina,
1161 2765 1223 2830 qua
1246 2732 1328 2809 datur

129 2872 205 2915 esse
228 2868 388 2934 personae
418 2847 562 2921 divinae,
596 2858 650 2909 aut
681 2845 859 2930 passive
891 2846 1099 2932 (emanatio),
1123 2862 1371 2937 tanquamres

125 2947 231 3040 ceptio
250 2958 304 3015 τοῦ
317 2973 409 3025 esse,
432 2954 518 3038 quod
535 2955 627 3017 datur
648 2973 706 3036 per
723 2952 969 3037 processionem
985 2955 1134 3021 activam.
1247 2969 1254 2975 '

209 3063 238 3122 A
259 3060 472 3143 processione
509 3058 716 3146 distinguitur
738 3058 906 3131 missio,
930 3080 1013 3142 quae
1041 3074 1093 3126 est
1109 3065 1205 3132 unius
1228 3087 1337 3153 perso-

124 3186 185 3228 nae
202 3184 260 3248 per
273 3164 367 3228 aliam
381 3164 538 3249 prolatio,
561 3175 716 3247 quatenus
734 3163 860 3227 isthaec
878 3184 942 3226 una
955 3166 995 3230 ad
1018 3164 1170 3236 eflectum
1199 3173 1327 3256 aliquem

125 3273 166 3335 ad
181 3283 277 3335 extra
294 3270 533 3352 producendum
552 3271 604 3334 vel
621 3270 812 3353 productum
827 3270 979 3337 refertur.

209 3376 276 3438 Sub
299 3374 556 3439 notionibus
579 3371 754 3458 (ἰδιώματα,
778 3379 935 3456 ἰδιότηιαι)
959 3377 1118 3443 divinis
1148 3379 1314 3468 intelligut-

125 3493 177 3545 tur
213 3490 357 3552 notae,
398 3500 504 3562 quae
544 3479 841 3543 characterem
880 3481 1078 3563 cujusvis
1115 3502 1311 3566 personae

128 3585 356 3669 proprium,
382 3604 441 3647 seu
461 3584 589 3658 illud,
613 3585 716 3669 quod
739 3585 1072 3670 uniuscujusque
1095 3589 1227 3654 trium
1247 3606 1312 3675 pcr-

127 3710 328 3753 sonarum
351 3689 665 3772 proprietatem
688 3689 965 3773 personalem
999 3694 1250 3769 constituit,
1268 3711 1312 3756 en·

128 3793 319 3877 primunt.

210 3900 368 3966 Doctrina
384 3911 492 3964 autem
512 3899 680 3966 catholico
695 3901 735 3965 de
750 3902 1015 3985 processionibus
1034 3921 1072 3968 ac
1091 3903 1272 3970 notionibus
1283 3895 1314 3965 di·

127 4006 211 4071 vinis
224 4007 306 4071 baec
320 4018 389 4071 est:

212 4117 240 4178 l.
261 4111 395 4176 Pater
417 4112 576 4176 anullo
597 4112 682 4176 alio
705 4112 937 4198 principio
959 4115 1180 4198 procedit,
1207 4118 1318 4181 seuest

128 4215 372 4303 ingenitus,
394 4213 565 4297 ἀγένητος

211 4327 240 4387 2.
262 4318 403 4382 Filius
426 4322 629 4402 procedit
651 4343 670 4385 a
692 4322 837 4399 Patre,
862 4324 1038 4408 etquidem
1067 4346 1145 4412 per
1168 4343 1319 4418 genera·

128 4426 314 4498 tionem;
338 4435 371 4488 et

165 4618 188 4685 1)
207 4619 250 4674 ct
269 4621 355 4674 toan.
376 4620 401 4679 t,
420 4619 460 4670 ts.
481 4621 521 4671 ιο.
538 4621 581 4671 aa.
601 4622 642 4681 rr,
662 4620 704 4674 ro.
