2926 5168
108 153 173 224 ili

111 307 208 372 babet
243 306 486 391 Symbolum
523 307 868 383 Athanasianum,
906 307 946 373 nb
976 308 1131 375 universa
1166 306 1375 375 Ecclesia

108 423 299 497 receptum:
336 411 456 476 ll'idee
478 413 643 476 catholica
680 400 761 477 daeo
797 422 862 490 eat,
892 422 928 477 nt
962 435 1085 479 onum
1120 417 1304 479 Deum-i
1369 437 1375 476 l

114 520 343 589 Trinitaie,
366 519 685 581 et-Trinilatem
705 524 747 582 ira
767 526 928 583 onitate
949 541 1159 602 veneremnr5
1181 542 1375 603 nepta

111 627 425 708 confundentes
452 645 677 704 personas,
707 647 838 709 neque
877 628 1170 701 substantiam
1201 648 1375 707 sepa-*-

111 728 402 792 remiseritis
431 732 839 809 estenimpersono
865 732 1026 804 Patrio,
1065 735 1157 795 otia
1198 731 1288 795 reta
1357 749 1375 796 ε’

112 835 202 896 alin
230 833 428 913 Spiritus
456 831 515 913 S.;
546 835 623 895 aed
648 837 818 909 Patria,
850 842 892 897 et
917 834 1045 908 Filii,
1066 841 1375 915 “spirita-:⁴

112 938 147 1003 S.
177 958 258 1000 una
289 948 356 1000 est
383 943 616 1018 divinitas,
655 940 852 1020 aequalia
889 939 1059 1018 glorio,
1090 950 1375 1006 noneterre-

112 1046 330 1123 majestas.

196 1148 277 1213 Cum
294 1146 419 1212 scilicet
439 1146 586 1211 haeresis
604 1145 786 1211 Sabelliana
810 1168 924 1212 sanum
948 1148 1080 1213 verbnm
1109 1150 1375 1236 depravarffi

113 1274 176 1320 non
192 1264 321 1338 poterat
337 1275 400 1317 non
414 1252 638 1339 magisterium
656 1252 880 1336 Apostolicum
894 1253 978 1318 hanc
1001 1251 1172 1321 sublimem
1201 1257 1375 1328 doct-i

115 1379 188 1423 nam
211 1359 393 1423 adcuratius
416 1357 559 1422 delinire.
582 1358 676 1437 Quod
698 1357 864 1441 aptissime
894 1379 933 1423 eo
955 1358 1077 1440 fiebat,
1109 1360 1140 1424 si
1159 1373 1254 1427 certa
1272 1384 1375 1432 με.)

114 1465 227 1530 cabula
250 1463 362 1550 elegit,
385 1464 498 1548 quibus
521 1462 667 1529 doctrina
689 1483 767 1527 vera
790 1463 859 1527 sine
882 1463 1005 1528 erroris
1035 1465 1181 1548 periculo
1215 1472 1375 1551 pau-:is

115 1582 149 1634 et
170 1570 325 1633 adcurate
348 1568 442 1632 simul
464 1569 710 1654 exprimeretur.
740 1568 911 1634 Ecclesiae
938 1580 1045 1649 autem
1063 1571 1223 1654 jus-esse
1251 1582 1311 1635 te.
1331 1574 1372 1639 lia

116 1675 340 1739 vocabulaseu
351 1673 476 1738 dicenmi
484 1673 637 1737 formulas
657 1673 814 1760 eligendi,
838 1675 983 1759 quamvis
999 1696 1062 1739 non
1075 1676 1141 1740 sint
1152 1677 1367 1756 revelatae,

118 1780 149 1843 in
168 1779 336 1864 propatulo
352 1790 412 1843 est.
434 1777 509 1842 Etsi
531 1778 615 1842 enim
637 1778 709 1862 ipsa
729 1798 818 1857 nova
839 1779 992 1866 dogmata
1012 1780 1154 1844 condere
1186 1801 1252 1846 non
1275 1803 1364 1866 po·

119 1895 202 1959 test,
227 1883 337 1947 sedin
368 1882 407 1946 iis
439 1881 629 1947 definiendis
667 1903 724 1966 per
761 1882 867 1946 omnia
889 1884 1045 1949 adstricta
1066 1895 1118 1949 est
1140 1887 1245 1951 verbo
1266 1885 1361 1951 Dei

118 1990 281 2054 revelato:
304 2001 376 2052 orta
393 1999 497 2051 tamen
521 1988 763 2064 controversia,
786 1999 910 2064 certas,
934 2010 1053 2076 easque
1074 1990 1195 2055 breves
1220 2002 1253 2055 et
1313 1992 1355 2055 di·

117 2094 257 2160 stinctas
280 2091 410 2157 dicendi·
427 2093 601 2167 lormnlas,
623 2093 676 2156 vel
699 2093 796 2158 enam
822 2094 981 2158 vocabula
1011 2105 1156 2159 statuere
1187 2093 1349 2180 poterit,

115 2200 229 2285 quibus
257 2221 318 2263 non
351 2219 470 2263 novum
503 2199 621 2284 dogma
650 2199 777 2284 aliquod
808 2197 948 2273 cuditur,
971 2201 1031 2263 sed
1051 2198 1182 2285 antiqua
1205 2186 1345 2266 raritas

115 2306 211 2369 modo
234 2304 360 2390 quidem
374 2324 484 2380 novo,
507 2314 560 2367 ast
579 2302 783 2369 convenienti
806 2302 1016 2389 exprimitur,
1038 2314 1071 2369 et
1092 2292 1182 2383 uelut
1201 2315 1337 2369 tessera

115 2410 308 2478 continetur.
331 2408 408 2474 Tali
427 2408 510 2473 enim
529 2409 654 2473 ratione
671 2408 845 2475 discrimen
866 2409 950 2474 inter
971 2407 1152 2474 doctrinam
1171 2410 1328 2475 orthodo·

116 2533 191 2578 xam
215 2525 247 2577 et
262 2511 500 2578 baereticorum
519 2534 651 2578 errores
667 2512 868 2578 manifestius
884 2524 992 2597 patet,
1014 2533 1076 2578 nec
1092 2513 1239 2599 periculo
1267 2535 1321 2579 ex·

118 2628 277 2703 ponuntur
294 2615 407 2682 fideles
422 2617 518 2682 facile
540 2640 559 2683 a
580 2620 718 2685 veritate
737 2618 881 2683 revelata
907 2619 1087 2684 aberrandi.
1120 2622 1209 2698 Quid
1230 2626 1318 2700 tritor

116 2731 218 2788 restat
226 2768 238 2803 ,
261 2723 305 2786 ait
326 2722 613 2810 Augustinus,
635 2729 699 2788 nisi
712 2732 747 2787 ut
752 2729 919 2806 fateamur
925 2771 938 2806 ,
963 2732 1114 2808 loquendi
1134 2733 1313 2790 necestitate

113 2837 209 2909 parto
225 2833 304 2893 laceo
319 2831 488 2907 vocabula,
511 2850 582 2890 enm
596 2833 722 2909 copiosa
737 2837 914 2908 opacasset
932 2831 1146 2904 disputatione
1169 2831 1306 2893 adversus

120 2939 255 2999 insidior
276 2941 462 2999 orlerrores
476 2938 709 2998 baereticorum
733 2940 769 3010 Ι).
792 2932 836 2996 Et
858 2933 893 2998 S.
916 2933 1126 2997 Thomas:
1158 2936 1217 2999 An
1235 2941 1304 2998 inre·

118 3043 266 3105 siendum
282 3060 364 3103 novo
378 3043 524 3115 nomina,
548 3047 711 3119 ostiiquam
727 3047 766 3101 de
785 3046 854 3102 Deo
867 3041 964 3119 fidem
991 3042 1223 3119 siqnificantio,
1248 3037 1301 3098 eoi·

119 3154 167 3224 qn
179 3150 356 3211 necessitas
365 3147 550 3224 disputandi
568 3166 638 3211 eum
655 3149 824 3206 liceretiris
846 3141 880 3225 ²).
904 3143 972 3207 Suo
985 3146 1060 3227 jure
1080 3165 1141 3208 usa
1159 3157 1209 3209 est
1220 3142 1301 3222 itaque

119 3250 290 3325 Ecclesia,
313 3270 385 3315 cum
404 3249 597 3315 sabellianis
614 3248 861 3335 quaerentibus:
885 3248 959 3332 quid
989 3269 1071 3336 ergo
1103 3248 1201 3313 Pater
1223 3257 1251 3311 et
1267 3237 1299 3305 ll·

120 3355 182 3421 lius
205 3367 238 3419 et
254 3354 396 3441 Spiritus
417 3356 463 3431 S,
486 3354 514 3418 si
541 3377 604 3419 non
632 3366 706 3418 sunt
728 3352 852 3417 diversi
881 3352 1056 3418 divinitatis
1085 3350 1244 3417 existendi
1264 3351 1300 3409 aul

124 3462 279 3547 operandi
307 3459 405 3535 modi,
426 3481 530 3546 neque
550 3460 701 3524 diversae
719 3457 844 3522 divinae
861 3457 1024 3521 virtutes?
1044 3456 1229 3542 respondit,
1249 3465 1299 3516 esst

126 3578 195 3632 tres
209 3565 455 3650 subsistentias,
479 3587 538 3630 sen
558 3585 737 3650 personas,
766 3561 838 3648 quin
872 3574 976 3626 tamen
1007 3561 1167 3626 dividatur
1199 3571 1248 3625 ant
1267 3569 1299 3615 tl·

124 3684 255 3757 paretur
277 3682 450 3756 propterea
473 3671 580 3735 divina
603 3669 765 3744 essentia,
788 3680 902 3732 rralura
924 3687 983 3732 seu
1001 3666 1189 3731 substantia.

204 3779 384 3862 Antequam
401 3788 508 3842 tamen
530 3777 652 3842 hancce
664 3774 838 3840 Ecclesiae
871 3772 1087 3837 definitionem
1104 3791 1149 3835 ex
1165 3759 1289 3836 revenit

122 3882 172 3947 nis
188 3881 314 3949 divinae
330 3881 470 3948 lontibus
488 3883 766 3947 demonstremusz
790 3900 859 3943 ere
872 3878 942 3955 erit,
966 3877 1055 3963 prins
1072 3888 1281 3962 exponerent

123 4009 166 4053 ex
182 3999 290 4053 mente
306 3986 479 4055 Ecclesiae
495 3987 556 4052 snb
571 3986 632 4050 illis
652 3983 794 4050 diversis
807 3984 986 4048 nominibus
1010 3981 1178 4046 essenti
1189 4001 1242 4055 ae,
1259 3997 1273 4040 n

124 4088 1268 4171 turae,substantiae,subsistentiaoacpersonacven

207 4199 274 4262 Sub
305 4197 525 4272 essentia,
554 4217 653 4261 sensu
673 4196 778 4260 latiori
801 4206 955 4279 accepta,
988 4204 1021 4256 et
1046 4191 1144 4256 etiam
1166 4202 1261 4255 natu

124 4303 313 4392 intelligitur
341 4303 418 4367 illud
451 4324 564 4379 omne,
590 4323 652 4388 qno
673 4322 728 4365 res
747 4301 779 4365 id
807 4312 875 4376 est,
899 4300 981 4384 quod
1010 4309 1076 4371 est,
1100 4297 1246 4383 adeoque

131 4430 376 4452 ...n-—

159 4499 183 4565 ¹)
202 4504 244 4552 De
263 4500 356 4551 Trinit.
374 4499 395 4548 l.
416 4501 581 4550 1.ο.4.1ι.
602 4499 630 4567 9.·
649 4493 719 4559 Opp.
738 4493 771 4546 Τ.
790 4495 815 4542 8.
835 4505 861 4543 ο.
879 4493 938 4542 860.
958 4490 1000 4542 cl.
1019 4505 1046 4542 n.
1067 4489 1152 4542 7-8.
1172 4502 1198 4543 o.
1222 4486 1243 4541 δ’

159 4577 184 4645 ²)
205 4583 233 4633 1.
251 4597 277 4646 n·
296 4583 346 4636 29.
363 4586 416 4634 ort.
434 4582 462 4633 3·
480 4582 517 4632 od
534 4581 563 4630 1.
582 4575 650 4643 Opp.
671 4575 704 4629 Τ.
721 4576 765 4629 20.
784 4589 811 4642 p.
830 4575 886 4632 loo.
907 4587 933 4626 c.
952 4572 979 4623 1,
