2926 5168
1269 202 1333 269 tot

123 349 414 417 servationem
436 350 602 415 mundi
632 370 707 435 per
739 369 782 414 se
812 350 972 436 ipsum,
1004 361 1100 435 prout
1121 364 1154 415 et
1175 375 1330 418 ornnem

123 474 295 519 coecam
317 454 639 530 necessitatem,
671 476 710 520 ac
732 455 763 520 si
784 454 938 519 videlicet
957 475 1014 519 res
1035 476 1094 540 per
1115 456 1205 521 vires
1227 459 1330 542 solas,

123 559 186 624 sibi
207 581 227 623 a
248 559 406 625 creatore
428 559 563 635 inditas,
586 573 682 646 atque
713 568 806 648 leges
828 561 943 625 barum
972 563 1012 624 ab
1040 561 1114 646 ipso
1136 563 1330 629 constitutas

121 665 350 749 persisterent,
370 665 417 730 uti
432 666 634 732 somniarunt
650 666 924 731 Naturalista
935 687 975 737 e;
998 669 1169 752 autquasi
1186 668 1276 733 Deus
1299 669 1330 732 in

122 770 338 856 perpetuitate
360 771 468 837 mundi
490 771 652 857 seipsum
683 771 809 837 nonnisi
832 770 983 836 continuo
1005 774 1222 857 produceret,
1249 796 1331 860 quae

123 887 175 940 est
195 876 547 941 Pantheistarum
569 876 748 963 sententia3
770 889 825 942 aut
845 897 937 950 vero,
960 877 1044 962 quod
1067 878 1107 942 ad
1129 878 1213 943 idem
1235 879 1330 954 redit,

123 993 274 1068 tanquam
305 981 335 1046 si
361 981 428 1047 fato
469 981 577 1053 omnia
616 981 753 1059 tierent,
787 981 1056 1067 quemadmodum
1095 983 1334 1048 contendebant

124 1085 274 1154 Stoici.
296 1087 370 1152 Non
392 1087 477 1152 enim
498 1099 673 1153 conservat
694 1088 784 1152 Deus
806 1089 954 1152 mundum
977 1096 1126 1172 tauquam
1155 1088 1334 1151 substantia

121 1213 243 1267 rerum,
266 1213 326 1277 per
347 1213 427 1276 quas
449 1204 484 1257 et
503 1192 536 1257 in
559 1192 672 1278 quibus
694 1213 731 1256 se
752 1192 936 1257 immediate
965 1193 1107 1279 explicet
1142 1213 1180 1257 ac
1202 1193 1333 1258 manile·

122 1309 203 1380 stet,
225 1299 309 1382 quod
330 1298 435 1382 ipsam
456 1298 560 1363 ideam
592 1298 850 1364 conservationis
872 1298 1022 1380 tolleret,
1052 1320 1125 1362 nam
1149 1319 1208 1362 ens
1241 1300 1333 1362 abso·

122 1401 188 1465 lute
208 1402 430 1467 neeessariam
448 1404 694 1468 conservatione
709 1425 843 1489 prorsus
858 1424 922 1467 uon
936 1402 1060 1490 indiget
1066 1428 1076 1477 ;
1098 1424 1201 1490 neque
1225 1415 1334 1467 autem

122 1519 280 1592 quatenus
303 1529 401 1592 supra
420 1511 573 1574 mundum
601 1531 739 1594 prorsus
771 1510 875 1573 elatus
908 1522 984 1593 est,
1014 1530 1089 1574 nam
1118 1508 1167 1574 sic
1195 1506 1331 1571 mundus

123 1612 318 1698 confingens
339 1625 435 1699 atque
456 1636 519 1678 una
540 1614 748 1679 necessarius
770 1614 894 1679 assumi
916 1614 1071 1688 deberet;
1093 1614 1152 1677 sed
1174 1623 1332 1698 quatenus

122 1739 184 1783 sua
220 1717 434 1802 omnipotenti
466 1718 649 1784 substantia
678 1739 716 1787 ac
754 1718 874 1784 virtute
903 1719 1020 1805 ubique
1050 1739 1208 1803 praesens
1238 1727 1332 1800 atque

121 1843 273 1907 operans,
295 1843 359 1887 uon
381 1824 509 1908 quidem
531 1845 588 1889 res
609 1824 699 1911 ipsas
721 1845 824 1889 novas
846 1820 957 1898 eflicit,
979 1845 1094 1888 verum
1117 1821 1332 1886 substantiam

121 1949 233 1994 rerum
264 1939 360 2012 atque
389 1927 477 1992 vires
507 1928 682 1993 earundem
710 1930 892 2005 naturales,
924 1949 982 1993 seu
1011 1948 1128 1994 causas
1160 1927 1332 2001 secundas,

121 2032 302 2118 persistere
324 2053 383 2096 sua
404 2031 615 2118 omnipotenti
638 2035 800 2099 voluntate
822 2034 919 2109 lacit,
941 2055 1077 2119 quarum
1098 2033 1172 2097 illae
1195 2031 1332 2096 effectus

122 2149 207 2201 sunt.
229 2138 320 2201 Deus
341 2136 448 2222 itaque
470 2139 621 2203 mundum
650 2159 851 2203 conservans
880 2138 1028 2203 inexistit
1056 2138 1100 2220 ei,
1131 2160 1196 2203 non
1226 2148 1333 2200 tamen

120 2243 177 2316 ita,
198 2253 273 2307 uta
294 2243 412 2306 mundo
434 2263 498 2306 non
520 2243 564 2307 sit
585 2243 756 2318 diversus,
787 2264 922 2329 eumque
955 2264 1019 2308 non
1051 2242 1145 2307 simul
1165 2255 1332 2307 monscen-

121 2353 186 2423 dat,
208 2358 304 2432 atque
326 2369 347 2411 a
367 2348 486 2412 mundo
509 2347 616 2413 dillert
647 2368 783 2433 eumque
812 2348 1033 2422 transcendit,
1062 2369 1127 2411 non
1147 2347 1194 2411 ita
1214 2358 1332 2419 tamen,

121 2464 158 2517 ut
180 2451 273 2517 simul
294 2453 411 2516 mundo
432 2473 496 2517 non
519 2452 692 2528 inexistat,
715 2473 785 2527 seu,
805 2464 839 2516 ut
859 2454 958 2537 ajunt,
980 2452 1160 2517 immaneat.
1183 2452 1333 2515 Tandem

120 2557 253 2624 notione
274 2558 328 2624 illa
349 2559 538 2643 prohibetur
560 2559 657 2624 etiam
680 2559 859 2638 sententia,
883 2579 963 2644 quae
986 2556 1140 2633 assumit,
1162 2557 1332 2641 providen-

120 2663 199 2727 tiam
223 2663 362 2728 divinam
391 2662 441 2728 ad
469 2665 726 2730 sublunaria
756 2685 801 2728 se
831 2686 913 2729 non
943 2665 1207 2746 extendere,
1238 2686 1332 2750 quem

119 2769 387 2835 Aristotelis
410 2790 557 2836 errorem
584 2772 698 2855 primis
720 2770 892 2837 Ecclesiae
925 2770 1067 2836 saeculis
1090 2770 1216 2856 quidam
1240 2769 1330 2837 Chri·

120 2873 219 2941 stiani
247 2877 422 2960 adoptasse
452 2876 602 2942 videntur
637 2885 683 2953 ¹),
724 2878 829 2942 divina
866 2876 952 2943 euim
983 2876 1251 2951 conservatione,
1286 2875 1332 2940 uti

119 2981 299 3055 creatione,
321 2981 405 3046 nulla
426 3002 483 3045 res
506 2994 558 3046 est
579 2982 728 3069 indigna,
746 2983 894 3068 nullaque
911 3004 975 3048 uon
995 2983 1162 3070 indigens3
1185 3005 1246 3048 nec
1268 3004 1332 3047 non

119 3087 229 3172 opinio
252 3107 302 3169 ea,
326 3105 408 3171 quae
430 3088 713 3153 conservationem
730 3087 838 3153 mundi
864 3088 894 3152 in
918 3109 957 3153 eo
979 3088 1115 3169 reponit,
1137 3091 1222 3174 quod
1239 3089 1331 3153 Deus

120 3193 313 3257 mundum
333 3213 411 3256 non
434 3194 657 3270 destruat,
680 3195 764 3279 quod
786 3205 1030 3281 propugnarunt
1059 3216 1102 3258 cx
1123 3192 1330 3259 Ariminianis

120 3297 203 3363 Phil.
233 3318 252 3362 a
280 3298 554 3364 Limborclr
582 3310 615 3361 et
643 3298 749 3363 Sim.
771 3298 1049 3383 Episcopius,
1081 3319 1124 3363 ex
1146 3297 1329 3363 Socinianis

121 3403 377 3477 Osterodus,
400 3413 434 3467 et
455 3402 509 3467 alii
530 3411 569 3480 ²).

206 3509 312 3588 Quum
334 3507 543 3573 conservatio
566 3507 672 3572 omnia
695 3508 966 3591 comprehendat,
998 3519 1092 3593 atque
1126 3509 1244 3573 adres
1267 3519 1331 3573 tam

119 3613 279 3701 singulas,
302 3633 397 3698 quam
418 3611 451 3676 in
472 3633 533 3677 suo
555 3632 642 3676 nexu
665 3612 809 3678 cosmico
827 3612 1022 3678 constitutas
1035 3613 1206 3689 referatur,
1230 3635 1330 3701 eaque

119 3719 196 3794 liat,
217 3729 338 3783 utnon
359 3730 480 3783 tantum
501 3717 666 3783 individua
691 3737 819 3793 rerum,
850 3717 908 3782 sed
939 3729 972 3783 et
998 3737 1109 3785 earum
1131 3718 1260 3803 species
1292 3741 1331 3786 ac

119 3843 263 3912 genera,
294 3822 465 3889 individuis
497 3832 588 3887 certo
625 3832 771 3907 tempore
802 3823 910 3907 elapso
944 3823 1198 3899 intereuntibus,
1230 3825 1330 3890 conti-

120 3950 184 3993 nua
215 3927 350 3993 aliorum
376 3927 611 4015 propagatione
640 3927 831 4013 persistant:
862 3927 1016 4015 distingui
1048 3930 1132 3995 solet
1163 3949 1331 3995 censer·

121 4034 244 4099 vatio
264 4033 583 4099 individuorum
606 4046 639 4100 et
662 4032 934 4098 conservatio
958 4034 1222 4119 specierum,
1255 4036 1331 4101 licet

120 4139 226 4205 relate
248 4138 288 4202 ad
309 4138 414 4203 Deum
436 4160 518 4202 unus
541 4140 689 4225 idemque
713 4152 804 4205 actus
826 4138 1084 4223 simplicissimus
1106 4140 1158 4205 sit.

133 4267 380 4284 m

157 4333 179 4394 ¹)
199 4332 243 4387 cl,
259 4331 428 4386 Ambros.
449 4339 489 4386 De
508 4337 583 4395 offic.
603 4337 620 4383 1.
641 4337 668 4384 1.
687 4351 711 4385 c.
732 4331 1080 4397 13.n.48.0pp.'1¹.2.
1100 4345 1123 4382 c.
1146 4334 1187 4385 ll.
1205 4358 1237 4370 -·
1263 4333 1328 4382 llu-

121 4420 262 4490 gusrtn.
281 4424 321 4472 ue
341 4427 406 4475 sen.
427 4429 464 4473 aa
481 4427 531 4475 rna
550 4429 569 4475 ι.
589 4426 616 4473 s.
635 4439 659 4474 ο.
680 4427 727 4475 21.
746 4439 776 4475 n.
792 4426 842 4476 42.
860 4421 930 4487 opp.
949 4422 980 4472 r.
998 4424 1025 4472 a.
1042 4422 1076 4474 Ρ.
1097 4425 1120 4473 1.
1140 4435 1164 4474 c.
1184 4423 1244 4475 195.

154 4507 180 4575 ²)
200 4511 241 4563 Cf.
260 4511 395 4574 Wiest,
412 4517 476 4565 last.
494 4518 575 4564 tteol.
592 4511 711 4578 lngolst.
736 4514 811 4565 1788.
838 4511 870 4565 Τ.
899 4513 923 4566 b.
943 4525 972 4582 p.
990 4513 1040 4564 786
1058 4526 1101 4568 sn,
1119 4507 1217 4574 llice,
1243 4507 1288 4576 tet)
1304 4508 1328 4564 b.

119 4605 164 4661 tet
181 4598 432 4674 bonntngeltlpitbtt.
450 4600 554 4674 bring,
573 4605 649 4658 1837.
667 4604 692 4656 1.
709 4597 747 4657 ab.
765 4616 792 4671 p.
809 4602 870 4657 ³3⁰.
