2926 5168
1218 205 1279 279 stt

78 353 209 422 Christo
229 359 343 431 docet,
374 355 405 420 in
429 354 568 421 medium
591 355 786 441 proferenda
807 367 890 424 sum.
916 357 1026 425 Primo
1054 358 1190 429 citamus
1217 363 1281 448 epi·

76 467 192 526 stolam
223 463 272 527 ad
302 460 473 547 Philipp
486 482 632 537 enses,
649 462 753 548 inque
774 463 857 528 inter
874 464 936 529 alie
950 466 1129 551 Apostolus
1144 467 1276 535 scribit:

75 575 277 634 noceantur
299 574 333 631 in
352 573 441 631 eoois
462 566 564 643 (idem
587 588 705 631 sensus
730 569 822 634 vobis
854 568 950 644 insit,
982 571 1051 654 ae),
1084 579 1168 654 quod
1190 580 1221 635 et
1246 577 1282 636 in

76 674 317 738 Uiriato-lesu:
340 678 411 756 qui
432 692 504 734 eum
524 678 566 735 in
582 677 719 753 forma
741 676 966 749 liciensi,
989 667 1023 746 ὃς
1038 678 1067 736 ἐν
1081 682 1181 760 μορφῇ
1205 683 1281 741 θεοῦ

74 776 228 862 ὑπάρχων,
249 800 314 842 non
330 781 475 858 rapinam
493 779 667 840 arbitratus
684 786 742 850 est,
764 799 858 840 assa
878 799 921 842 as
942 800 987 841 ue
1000 788 1165 861 qualem
1185 784 1279 857 Deo,

73 880 105 945 sd
126 879 201 947 stro
223 879 275 945 ἶσα
292 887 378 964 dsqi:
404 885 463 945 sed
480 885 684 962 semetipsum
710 886 905 958 esinoniait,
931 887 1073 963 sormam
1092 892 1177 950 serni
1193 892 1280 949 osei-

71 993 184 1068 piens,
213 985 330 1070 μορφὴν
362 983 473 1050 δούλου
505 983 624 1070 λαβὼν,
655 985 845 1071 (exitianivit
863 989 1072 1072 semetipsum
1095 1011 1157 1054 non
1176 993 1279 1075 depo·

72 1093 178 1156 nendo
193 1092 411 1172 divinitatem,
435 1092 494 1155 sed
513 1093 708 1156 assumendo
730 1090 976 1168 humanitatem,
1001 1094 1059 1158 sub
1079 1097 1170 1179 ouJus
1191 1095 1280 1160 indu·

71 1210 181 1265 mento
196 1198 294 1263 veluti
310 1198 486 1263 obscurata
506 1208 538 1261 et
555 1197 718 1263 exinanita
738 1208 875 1264 externa
896 1199 1007 1283 specie
1035 1209 1086 1262 est
1105 1199 1280 1285 divinitas),

68 1310 104 1369 irs
139 1306 377 1369 similitudinem
409 1305 717 1383 neminemnam,
747 1310 779 1368 et
805 1306 914 1368 babitu
949 1309 1097 1368 inventus
1122 1316 1158 1369 ot
1178 1311 1278 1370 bomo.

70 1413 263 1475 Hundls‘aait
284 1412 489 1490 semetipsum
507 1412 620 1489 foetus
643 1411 796 1472 obediens
828 1431 930 1492 usque
955 1411 1000 1473 ad
1018 1416 1170 1491 mortem,
1191 1432 1280 1473 mur-

66 1525 131 1578 tam
162 1526 268 1577 autem
298 1518 412 1576 mucia.
442 1514 578 1594 Propter
609 1517 695 1595 quod
721 1521 751 1576 et
785 1515 875 1578 Deus
905 1516 1063 1579 exaltavit
1093 1517 1182 1580 illum
1192 1558 1204 1595 ,
1250 1523 1283 1579 et

65 1625 201 1685 donavit
217 1622 265 1683 tttt
285 1638 420 1692 nomen,
442 1619 528 1698 quod
545 1625 594 1680 est
624 1639 752 1700 super
774 1641 892 1684 omne
913 1640 1076 1692 nomon,
1097 1626 1143 1682 ut
1162 1627 1202 1683 in
1221 1641 1281 1683 no·

64 1732 182 1789 mine
202 1731 311 1788 Jeau
340 1742 453 1784 omne
478 1725 843 1802 (resumantur,
865 1729 925 1786 aba
945 1722 1013 1807 ydra
1036 1725 1151 1808 κάμψῃ,
1173 1728 1278 1789 eoele-

64 1834 188 1909 slium,
210 1831 432 1902 terrestrium,
454 1833 485 1888 et
504 1831 726 1908 infernorum,
749 1837 781 1891 et
800 1833 901 1892 omnia
928 1831 1041 1909 linqua
1070 1834 1280 1911 confiteatur,

64 1939 148 2023 prtia
171 1937 326 1997 Dominus
346 1933 447 1996 Jesus
472 1932 621 1997 Obrietus
640 1937 685 1996 in
704 1937 850 2010 pluria
871 1943 936 1997 eat
956 1937 1033 1998 Dei
1053 1939 1204 2009 Patris,
1219 1933 1279 2000 ie.

63 2041 169 2106 babet
183 2037 321 2125 gloriam
340 2036 473 2103 eandem
491 2057 564 2101 eum
578 2037 687 2102 Patre.
710 2039 873 2103 Admonet
886 2038 1065 2125 Apostolus
1086 2038 1117 2103 in
1134 2040 1206 2106 loco
1225 2062 1280 2104 no·

61 2159 140 2211 stro
159 2142 290 2218 fideles,
312 2153 348 2205 ut
364 2141 504 2206 modesti
520 2141 593 2216 sint,
605 2153 700 2228 atque
718 2143 852 2208 aliorum
869 2143 977 2229 potius
992 2145 1171 2218 commoda,
1187 2165 1282 2229 quam

60 2273 127 2316 sua
149 2257 343 2334 procurent,
367 2246 633 2331 quemadmodum
659 2249 759 2312 desus
786 2249 956 2322 Christus,
981 2248 1034 2333 qui
1061 2269 1155 2334 quum
1180 2270 1280 2315 verus

57 2355 106 2420 sit
126 2353 242 2433 Deus,
264 2372 328 2414 non
346 2348 461 2433 cupide
477 2370 537 2413 sua
562 2353 731 2436 majestate
757 2353 911 2416 utendum
934 2373 1010 2416 esse
1034 2353 1280 2429 existimaverit,

54 2459 172 2524 instar
195 2456 334 2520 ferarum
350 2460 532 2539 rapacium,
555 2457 700 2540 rapinam
724 2477 818 2542 quam
839 2452 1027 2523 firmissime
1053 2459 1279 2534 retinentium,

53 2565 122 2630 sed
155 2563 196 2627 ab
223 2560 276 2624 illa
304 2559 473 2634 abstinuit,
496 2573 609 2624 nostro
634 2560 760 2626 seilicet
774 2582 845 2625 rem
858 2562 1060 2647 oonoipiendi
1078 2565 1194 2640 modo,
1218 2585 1280 2649 quo

50 2669 191 2756 pariter
209 2668 248 2730 de
267 2666 337 2729 sole
358 2663 483 2729 oriente
500 2677 533 2729 et
552 2664 718 2730 occidente
736 2665 911 2750 loquimur,
935 2668 975 2731 ad
999 2678 1118 2731 statum
1145 2679 1280 2733 naturae

45 2777 228 2845 humanae
245 2794 283 2837 so
302 2771 507 2856 deprimens,
531 2783 563 2835 et
579 2775 683 2836 iaetus
702 2771 857 2835 obediens
869 2771 959 2836 Patri
974 2793 1076 2859 usque
1090 2775 1128 2837 ad
1150 2795 1280 2860 perpes·

44 2887 195 2951 sionem
208 2876 333 2943 mortis.
355 2878 537 2961 Propterea
563 2889 595 2941 et
620 2876 734 2941 mortis
760 2878 933 2942 exantlatis
951 2879 1117 2943 laboribus
1146 2880 1279 2944 Patrem

40 2991 204 3060 Christo
226 2998 384 3071 tamquam
399 2983 518 3048 homini
533 3004 690 3048 summam
709 2984 887 3049 contulisse
895 2985 1094 3073 dignitatem,
1117 2995 1152 3048 ut
1173 2984 1278 3068 ipsum

40 3117 185 3166 omnes
212 3105 348 3158 naturae
376 3091 594 3179 intelligentes
612 3093 698 3156 cultu
720 3091 827 3156 divino
841 3101 1097 3176 prosequantur,
1122 3110 1195 3155 eum
1212 3101 1280 3155 tan-

35 3225 164 3290 quam
180 3219 294 3263 verum
310 3197 417 3261 Deum
438 3207 666 3284 agnoscentes.
691 3195 881 3261 Clarissime
900 3195 1005 3280 itaque
1022 3196 1197 3278 Apostolus
1228 3196 1280 3261 hic

32 3305 272 3374 divinitatem
287 3303 319 3367 in
333 3301 416 3365 Jesu
435 3301 579 3377 Christo,
603 3322 737 3388 eumque
753 3300 1061 3367 consubstantialem
1078 3298 1168 3364 Patri
1188 3320 1280 3385 prae·

25 3415 164 3479 dicat.
175 3407 307 3473 Etenim
321 3411 353 3486 1)
362 3406 481 3471 Paulus
496 3406 550 3481 ait,
562 3405 725 3470 Christum
737 3407 853 3470 desum
864 3410 893 3469 dr
898 3410 998 3490 μορφῇ
1007 3410 1084 3467 θεοῦ
1092 3405 1279 3487 exstitisse3

15 3539 168 3601 μορφη
185 3533 265 3577 vero
287 3513 327 3576 de
348 3511 491 3576 essentia
507 3532 566 3574 seu
584 3525 696 3575 natura
717 3499 813 3576 etiam
838 3511 921 3595 apud
948 3521 1101 3575 auctores
1125 3510 1280 3594 profanos

16 3619 229 3693 occurrit,
251 3619 283 3680 in
299 3618 414 3681 eodem
426 3615 610 3704 significatu
624 3636 659 3680 ae
676 3614 825 3681 odotsvel
843 3612 928 3699 φύσις
938 3618 976 3699 ¹),
992 3636 1152 3701 nunquam
1166 3627 1273 3680 autom

14 3725 279 3792 vernaculum
311 3722 433 3802 &estoit
473 3721 502 3784 in
532 3742 631 3785 sensu
661 3721 782 3806 speciei
823 3722 877 3786 vel
912 3720 1129 3786 similitudinis
1158 3719 1279 3808 signill-

16 3843 137 3905 cat3
170 3840 266 3914 atque
300 3827 332 3891 in
363 3838 476 3892 nostro
510 3828 582 3893 loeo
610 3828 741 3913 insuper
771 3826 941 3913 opponitur
973 3824 1137 3912 sequenti:
1165 3847 1283 3908 μορφην

17 3933 179 3998 δούλου
211 3928 328 4016 λαβών,
358 3933 444 4018 quod
479 3933 549 3997 sine
567 3932 663 3997 dubio
691 3954 800 4001 veram
821 3935 991 3997 humanam
1015 3944 1163 3996 naturam
1189 3929 1282 3994 Chri·

19 4041 115 4105 sti
143 4040 284 4114 iudicat,
306 4049 339 4102 et
363 4038 435 4103 hinc
462 4037 560 4106 etiam
591 4039 773 4125 oppositum
796 4037 895 4123 μορφὴ
919 4041 995 4099 θεοῦ
1019 4036 1081 4113 nil,
1113 4057 1207 4122 quam
1229 4055 1281 4100 na·

19 4153 176 4220 turam
204 4143 342 4209 divinam
366 4143 552 4231 significare
574 4156 684 4229 potest
692 4152 732 4220 ²).
749 4145 785 4231 2)
796 4143 900 4209 Porro
913 4141 1000 4216 dicit,
1023 4139 1282 4227 Christumrapi·

101 4336 134 4400 ¹)
156 4338 200 4390 ct.
220 4338 238 4389 J
246 4351 299 4391 oa.
314 4334 423 4389 elev,
439 4337 688 4397 contArpton.t.2.
698 4338 772 4388 e.22
783 4329 852 4400 Opp.
865 4332 967 4401 ΜΡ.
982 4335 1042 4387 ¹185.
1054 4359 1084 4375 -
1101 4333 1193 4401 Epip
1205 4334 1283 4387 han·

23 4421 469 4493 incommeaoppdtap..
481 4427 524 4479 71.
539 4425 625 4476 cono.
649 4423 945 4492 Constantinop.
969 4425 1018 4476 lll.
1034 4428 1129 4477 Aet-2.
1152 4422 1284 4485 Iliensi,

25 4506 145 4570 Coti.
163 4519 247 4570 cose.
265 4517 299 4567 Τ.
319 4518 361 4568 11.
381 4529 408 4573 o.
424 4517 484 4567 219.
502 4514 537 4567 Ε.
557 4514 598 4564 Cl.
616 4514 762 4568 Suleer.
783 4519 860 4570 Thes.
879 4519 961 4568 eset..
978 4530 1002 4565 a.
1020 4527 1050 4567 v.
1067 4505 1166 4579 μορφὴ.

95 4597 196 4671 ’ici
214 4603 388 4665 tertull·
405 4605 620 4664 Ado.dloroion.
640 4607 661 4659 t.
680 4610 708 4658 5.
728 4619 752 4659 ο.
769 4607 819 4660 ²0.
840 4605 909 4672 Opp.
928 4606 964 4659 V.
982 4607 1008 4656 2.
1026 4617 1054 4668 p.
1083 4604 1143 4654 iol.
1171 4628 1204 4639 -
1222 4601 1278 4655 lll-
