2926 5168
1202 197 1266 274 aaa

143 359 248 426 Hisce
266 371 374 425 autem
397 357 524 445 quidem
543 359 681 425 excitari
696 374 887 443 possumus,
910 377 972 445 quo
1001 377 1171 423 assensum
1200 363 1266 444 my·

62 463 164 531 sterio
186 467 227 530 de
247 462 323 529 D'eo
344 464 451 530 triuno
473 465 611 532 alacrius
633 462 868 549 praebeamus;
892 474 925 527 et
956 482 998 527 ex
1028 463 1067 528 iis
1097 462 1173 528 illud
1204 462 1266 528 for·

62 593 119 638 san
142 570 320 658 suspicari,
342 571 472 636 minime
495 582 621 646 autem,
643 591 738 656 quum
768 588 967 655 nequaquam
991 587 1034 632 ex
1061 569 1131 653 ipsa
1161 569 1267 634 indole

63 677 262 744 substantiae
292 677 434 752 divinae,
463 677 520 740 sed
551 687 671 740 tantum
701 696 719 739 a
748 675 846 739 retus
876 675 1022 739 externis
1056 675 1120 740 sint
1156 677 1265 762 petita,

61 798 198 872 prorsus
214 785 354 871 probare
374 784 458 849 licet.

146 891 212 956 Alii
233 900 393 966 statuunt,
416 888 664 954 foecunditatem
696 888 780 953 inter
813 889 1029 974 perfectiones
1052 894 1119 977 jam
1150 896 1269 964 entium
1335 920 1337 938 ⁴

62 998 225 1064 finitorum
254 994 440 1070 numerari,
471 1006 504 1059 et
532 993 606 1058 ideo
635 1012 675 1057 eo
705 995 810 1082 magis
842 995 881 1059 de
919 997 992 1061 Deo
1020 998 1268 1083 praedicandam

64 1124 159 1177 esse3
188 1100 242 1188 qui
274 1101 396 1188 itaque,
428 1120 523 1186 quum
552 1112 645 1164 extra
677 1119 714 1164 se
744 1101 793 1165 sni
816 1100 981 1186 aequalem
1005 1103 1185 1188 producere
1207 1129 1269 1173 non

63 1207 186 1294 possit,
209 1205 312 1293 quivis
334 1205 419 1270 enim
443 1205 525 1271 alius
545 1217 620 1290 post
640 1226 736 1269 unum
759 1205 852 1270 Deus
879 1226 941 1270 non
970 1218 1022 1272 est
1050 1204 1161 1287 Deus,
1184 1211 1269 1279 intra

63 1334 99 1378 se
129 1313 308 1378 foecundus
336 1311 380 1375 sit
406 1329 544 1377 necesse
578 1321 638 1378 eat.
671 1316 772 1391 Nefas
800 1322 852 1374 eet
870 1320 991 1385 atcere,
1014 1311 1058 1377 ait
1079 1314 1268 1383 loannes

64 1420 166 1482 Dant
179 1436 379 1497 ascenae,
401 1418 505 1480 Deum
527 1423 668 1478 naturali
685 1419 909 1492 foecunditate
937 1427 1090 1484 ceruleae.
1122 1430 1273 1488 lloecun.

63 1527 148 1586 maa
166 1544 264 1602 perro
285 1527 321 1585 ta
343 1543 379 1584 eo
397 1527 505 1602 positu
526 1529 590 1595 cat,
612 1528 649 1583 ut
668 1527 740 1603 puta
761 1542 805 1583 eo
825 1541 860 1583 sc
881 1529 960 1601 ipso,
983 1528 1096 1598 idest,
1120 1550 1164 1591 ec
1192 1551 1273 1610 pro-

60 1635 135 1709 priu
154 1631 347 1708 nudatmttu,
365 1633 490 1707 prolem
511 1632 631 1689 uaturc
647 1626 784 1688 similem·
796 1633 847 1688 eut
868 1629 942 1692 edat
959 1636 996 1706 ¹).
1018 1628 1062 1693 Et
1079 1629 1275 1715 Cyrillus

63 1733 199 1797 Alexa
222 1738 258 1796 Si
269 1735 339 1795 Deo
358 1737 516 1797 aduneris
530 1733 666 1793 Patrem
686 1753 778 1793 ees-e:
797 1736 1046 1810 foecunditatem
1062 1743 1201 1802 ediciuu
1220 1757 1276 1804 nu·

62 1854 140 1903 turo
161 1837 348 1901 aulularia:
368 1843 415 1900 tto
442 1843 478 1898 ut
504 1841 668 1916 perfectae
688 1856 893 1919 nequaquem
913 1844 971 1914 eit,
1001 1862 1074 1904 cum
1098 1845 1276 1922 uenerande·

53 1945 222 2021 socudute
241 1948 359 2006 carcat.
382 1944 611 2004 Documentum
633 1947 741 2022 ltaque
757 1946 966 2022 perfectionis
986 1953 1037 2009 eet
1055 1948 1275 2023 foecunditas,

62 2058 96 2112 et
116 2053 259 2129 dmm,
281 2053 367 2127 quod
387 2053 513 2109 Putrem
532 2051 710 2127 perfectum
733 2066 806 2108 esec
832 2049 981 2121 ostendit,
1012 2056 1060 2112 cat
1080 2050 1199 2131 mmo,
1222 2056 1277 2134 pua·

59 2174 108 2218 ec
129 2161 198 2234 tpuo
219 2155 260 2214 ab
280 2160 408 2215 aeterno
427 2157 587 2228 processu
605 2159 645 2226 ²).
897 2170 899 2174 ¹

147 2246 243 2322 lianc
258 2255 496 2342 expositionem
520 2257 603 2320 haud
623 2276 783 2342 quaquam
802 2256 1005 2332 satisfacere,
1023 2261 1090 2344 jam
1113 2259 1188 2325 inde
1211 2263 1276 2327 col·

60 2362 198 2452 ligitur,
229 2360 380 2447 quoniam
411 2371 533 2425 tantum
565 2360 812 2448 generationem
833 2359 923 2438 Filii,
946 2381 1146 2450 nequaquam
1169 2376 1275 2431 autem

59 2469 163 2534 etiam
186 2465 428 2553 processionem
451 2464 594 2550 Spiritus
617 2467 652 2530 S.
675 2465 824 2549 explicat,
847 2476 882 2530 ut
903 2478 1080 2543 taceamus,
1099 2468 1277 2536 conclusio·

59 2592 142 2639 nem
165 2585 187 2638 a
206 2570 422 2637 foecunditate
445 2581 629 2635 naturarum
651 2569 828 2646 finitarum,
852 2590 931 2656 quae
959 2585 1113 2659 percunt,
1146 2575 1186 2639 ad
1218 2596 1277 2639 ens

57 2677 240 2750 infinitam,
263 2678 347 2763 quod
369 2687 494 2748 manet,
518 2673 603 2760 haud
625 2676 800 2764 legitimam
823 2688 877 2740 aut
899 2677 1022 2742 firmam
1058 2696 1133 2743 esse
1164 2678 1277 2744 videri.

151 2781 213 2846 atii
242 2780 275 2844 in
297 2780 428 2846 notione
453 2778 537 2844 entis
559 2780 706 2845 absolute
728 2782 875 2863 actuosi,
902 2802 963 2847 ceu
988 2785 1073 2869 quod
1100 2782 1192 2848 Dens
1224 2804 1277 2848 ne-

57 2887 212 2957 cessario
244 2899 352 2951 mente
375 2886 503 2970 concipi
529 2886 665 2961 debeat,
689 2886 1004 2952 demonstrationem·
1020 2888 1081 2953 SS.
1103 2886 1276 2954 Trinitatis

60 2990 324 3078 deprehendisse
345 2989 409 3055 sibi
431 2990 589 3056 videntur.
613 3029 651 3038 -
674 2991 757 3055 Nam
781 3012 855 3066 ens,
879 2992 981 3075 ajunt,
1003 2991 1035 3057 in
1058 3012 1180 3080 genere
1215 3013 1276 3079 qua

60 3100 132 3164 tale
159 3116 222 3162 ceu
253 3095 342 3160 notio
370 3094 602 3183 intelligentiae
634 3107 766 3160 nostrae
804 3095 998 3184 primigenia
1035 3095 1279 3183 repraesentari

62 3203 165 3270 aliter
187 3199 316 3286 nequit,
339 3220 434 3284 quarn
456 3201 541 3285 quod
565 3210 617 3262 est
638 3200 852 3264 determinata
872 3203 1007 3286 quadam
1020 3200 1146 3266 ratione
1169 3213 1278 3268 actuo·

62 3328 151 3375 sum.
174 3306 298 3371 Eadem
322 3304 408 3369 notio
428 3305 487 3369 sub
514 3324 551 3369 se
568 3306 812 3390 comprehendit
827 3306 859 3391 a]
881 3306 1079 3390 subjectum
1102 3305 1153 3372 cui
1169 3306 1205 3392 b)
1228 3313 1279 3372 de·

60 3417 239 3482 tmmtnata
270 3410 324 3474 illa
352 3409 436 3473 ratio
467 3409 586 3499 agendi
615 3409 686 3475 sive
713 3411 891 3476 actuositas
912 3408 1016 3485 inest,
1040 3430 1083 3475 ex
1104 3431 1165 3497 qua
1187 3423 1279 3476 actus

60 3520 140 3586 sive
162 3517 267 3582 mus
289 3515 397 3581 activa
419 3515 589 3599 procedit,
612 3517 758 3602 adeoque
781 3515 1027 3582 determinatam
1054 3514 1279 3582 actuoeitatem

59 3625 217 3710 subjoeto
243 3623 488 3698 inhaerentem,
519 3633 661 3688 attamen
682 3622 722 3686 alt
748 3643 787 3687 eo
808 3621 992 3687 distinctam
1010 3642 1071 3707 per
1091 3622 1281 3697 relationem

60 3731 135 3799 sibi
149 3729 352 3816 oppositam3
375 3741 409 3794 et
423 3730 457 3813 c)
479 3739 586 3795 actum
604 3729 836 3814 procedentem
859 3748 879 3792 a
901 3727 1048 3811 subjecto
1062 3728 1157 3812 juxta
1176 3729 1280 3794 aeter

59 3837 224 3904 minamur
239 3833 478 3902 actuositatem.
500 3832 594 3899 lianc
615 3832 803 3922 generalem
826 3833 910 3898 cutis
926 3832 1089 3898 notionem
1117 3832 1168 3898 fac
1184 3834 1282 3918 adpli-

59 3933 123 4012 ceit
148 3940 214 4006 enti
234 3939 403 4014 obuoluto,
433 3951 467 4004 et
496 3939 632 4004 habebis
654 3940 833 4026 subjectum
857 3940 1004 4005 absolute
1021 3948 1206 4015 actuosmn,
1229 3934 1281 4005 cul

58 4049 157 4114 tuest
179 4044 367 4112 aetuoaitas
380 4045 545 4120 amenta,
569 4064 589 4109 a
611 4056 724 4131 quaet
746 4047 801 4110 illo
817 4043 965 4132 procedit
984 4053 1079 4108 actus
1104 4045 1281 4110 absolutus.

61 4189 107 4205 υ-
134 4149 297 4237 Quidquid
340 4150 522 4219 absolutum
560 4150 705 4239 cogitas,
733 4150 821 4216 istud
837 4150 895 4216 tibi
918 4148 1012 4214 aliter
1032 4150 1282 4237 repraesentare

61 4278 134 4323 non
156 4255 296 4341 poteris,
325 4265 418 4341 quam
450 4253 584 4319 maliter
612 4259 770 4321 existens·
797 4246 890 4345 firgo
913 4270 973 4320 ens
997 4239 1198 4330 absolutum,
1221 4273 1280 4320 cns

62 4451 308 4472 Μ

107 4515 134 4580 ·)
151 4517 194 4567 tte
214 4516 265 4574 Μ.
282 4517 346 4566 ortt.
366 4517 384 4566 l.
406 4518 434 4567 1.
453 4528 478 4564 c.
497 4515 526 4565 8.
545 4511 618 4580 opp,-
636 4513 667 4565 Τ.
687 4515 711 4567 l.
729 4524 755 4580 p.
777 4511 835 4565 133.
852 4511 888 4564 Β.

104 4598 131 4668 ¹)
150 4607 228 4658 Tuea.
245 4609 344 4658 Assera.
366 4609 394 4654 a.
414 4603 484 4669 opp.
502 4602 535 4656 Τ.
554 4603 579 4655 5.
598 4601 633 4656 Ρ.
652 4604 676 4654 ¹.
696 4615 723 4668 p.
740 4602 784 4654 at.
802 4598 839 4655 1).
857 4601 892 4655 E·
