2926 5168
1274 253 1336 324 139

127 413 329 468 aeternus
351 406 511 488 nereos,
533 415 730 470 aeternus
751 410 943 486 Spiritus
965 412 1018 484 S.,·
1040 414 1076 468 et
1096 415 1229 470 tannen
1251 428 1334 471 non

127 518 221 574 tres
243 517 415 586 aeterni,
437 522 515 576 sert
533 533 640 575 nnus
661 518 726 575 esi
744 518 948 578 aeternius.

213 613 251 680 C.
273 614 336 679 Ex
357 616 504 681 ration
515 637 542 681 e.
565 616 669 696 Quum
690 614 781 679 Deus
804 614 847 679 sit
867 613 989 680 infinite
1011 616 1195 700 perfectus,
1219 637 1257 683 ac
1279 639 1334 683 ne·

130 720 319 796 cessarius,
347 741 406 785 sen
437 720 520 785 entis
542 720 705 805 plenitudo
737 739 776 783 ac
801 718 960 783 totalitas:
992 719 1091 784 etiam
1117 733 1270 785 aeternus
1292 721 1336 785 sit

131 845 273 890 necesse
296 836 367 911 est3
391 824 471 889 alias
494 825 590 905 enim,
613 812 642 888 si
662 825 755 887 Dens
777 822 899 887 initium
921 836 976 889 aut
996 825 1093 889 finem
1115 826 1261 901 haberet,
1283 837 1338 890 ant

128 931 161 995 in
184 951 224 995 eo
245 928 477 995 vicissitudinis
499 926 668 993 successio
686 927 827 999 daretur,
849 940 963 1010 posset
980 927 1051 1012 ipso
1074 948 1133 992 ens
1148 928 1335 1014 perfectius,

130 1034 255 1100 scilicet
277 1046 444 1099 aeternum
466 1030 660 1120 excogitari,
683 1042 777 1116 atque
798 1031 869 1115 ipse
899 1043 1014 1115 posset
1044 1032 1141 1098 etiam
1163 1053 1227 1097 non
1250 1053 1335 1107 esse,

130 1151 186 1204 aut
206 1138 301 1203 aliter
321 1159 407 1212 esse,
430 1158 468 1202 ac
491 1149 555 1218 est,
576 1137 597 1204 i.
621 1157 647 1201 e.
670 1156 773 1222 neque
796 1137 1073 1222 essetperfectus,
1096 1158 1199 1224 nequo
1222 1159 1335 1203 neces·

131 1244 250 1319 sarius,
272 1263 331 1307 seu
352 1263 415 1307 non
438 1253 530 1307 esset
549 1244 651 1306 Deus.

217 1351 383 1412 Observ.
407 1354 433 1416 1.
455 1354 489 1410 ln
512 1352 569 1412 SS.
591 1351 719 1410 Litteris
746 1352 863 1429 quidem
881 1364 943 1410 non'
957 1371 1026 1411 raro
1045 1355 1112 1412 Deo
1139 1363 1257 1430 tempus
1283 1355 1336 1412 tri·

131 1458 252 1539 buitur3
275 1466 324 1516 ast
335 1457 409 1515 haec
426 1458 547 1515 nonnisi
563 1457 747 1533 improprie,
765 1456 854 1530 jnxta
877 1465 1016 1517 nostrum
1037 1466 1157 1518 tenuem
1183 1457 1337 1536 cogitandi

133 1573 164 1622 et
185 1561 326 1640 loquendi
346 1560 466 1619 modum
491 1561 571 1621 dicta
592 1571 671 1620 sunt.
693 1562 815 1621 Etenim
835 1581 909 1632 nos,
932 1563 981 1639 qui
1006 1581 1023 1621 a
1045 1563 1192 1640 temporis
1216 1564 1338 1621 flumine

132 1668 276 1735 ferimur,
298 1684 356 1725 non
372 1684 533 1742 possumus
552 1666 639 1724 nobis
656 1684 714 1725 non
728 1675 832 1742 partes
849 1668 879 1725 in
897 1669 1078 1726 aeternitate
1099 1667 1233 1745 fingere,
1256 1668 1338 1726 simi·

132 1774 179 1831 tes
202 1773 282 1840 illis,
305 1772 354 1849 qui
383 1769 513 1830 secundo
542 1772 637 1829 fluvio
665 1769 867 1843 descendunt,
897 1773 988 1832 litora
1010 1779 1040 1831 et
1067 1772 1192 1831 arbores
1215 1790 1337 1831 sursum

132 1895 244 1936 versus
264 1876 380 1935 moveri
393 1877 606 1954 imaginantur.

220 1979 538 2044 Observ.2·(1um
559 1983 644 2040 Deus
676 1982 760 2040 solus
791 1983 832 2040 sit
860 1983 1103 2061 perfectissimus
1134 1998 1169 2041 ao
1198 1999 1339 2042 necessa·

136 2090 222 2156 rius,
246 2087 408 2163 omniaque
430 2094 519 2144 extra
539 2087 640 2145 Deum
661 2088 741 2155 sint,
765 2096 795 2146 et
809 2106 879 2146 esse
907 2087 1033 2147 debeant
1056 2087 1141 2146 finita
1163 2106 1198 2146 ac
1224 2089 1339 2147 contin·

134 2194 258 2270 gentis:
280 2199 379 2269 patet,
402 2193 500 2249 Deum
530 2208 588 2249 non
619 2191 708 2250 modo
739 2200 895 2255 aeternum
919 2209 1009 2268 esse,
1033 2190 1085 2251 sed
1114 2192 1205 2250 etiam
1243 2194 1340 2252 solum

134 2307 291 2357 aeternum
310 2315 396 2365 esse,
419 2305 508 2372 atque
525 2297 624 2355 omnia
645 2298 726 2356 entia
745 2306 833 2356 extra
855 2299 953 2373 ipsum
970 2295 1132 2357 existentia
1146 2297 1267 2355 nonnisi
1287 2316 1341 2373 per

133 2405 263 2462 liberum
288 2400 421 2475 ejusdem
451 2403 617 2460 creationis
644 2411 742 2461 actum
771 2421 808 2461 ex
832 2401 945 2471 nihilo,
968 2401 1101 2478 adeoque
1124 2402 1159 2459 in
1183 2420 1237 2460 sen
1260 2418 1340 2460 eum

135 2518 271 2584 tempore
286 2525 356 2565 esse
371 2505 525 2584 producta.
549 2504 632 2581 Quot
647 2509 725 2567 enim
744 2526 802 2566 non
830 2509 1006 2567 necessario
1026 2508 1150 2577 existit,
1173 2505 1230 2565 hoe
1249 2506 1338 2565 etiam

135 2610 295 2689 aliquando
312 2628 370 2669 non
390 2613 531 2682 exstitit,
555 2612 608 2670 sed
631 2613 661 2670 in
683 2621 819 2690 tempore
839 2621 887 2672 est
909 2623 1017 2672 ortum.
1040 2614 1339 2688 Haecquoqueeom·

135 2718 239 2776 munis
265 2725 312 2774 est
341 2722 479 2775 veterum
507 2718 651 2789 Petrum,
675 2719 724 2794 qui
750 2717 786 2778 de
804 2718 862 2778 hoe
880 2725 1068 2786 tractarunt,
1091 2717 1256 2785 sententia,
1278 2717 1341 2773 nul'·

135 2824 196 2881 lam
218 2839 285 2880 rem
307 2822 404 2879 aDeo
429 2839 466 2879 ex
495 2829 618 2879 aeterno
649 2825 750 2881 creari
779 2825 930 2901 potuisse3
961 2842 1019 2900 qua
1041 2822 1189 2881 adversus
1211 2821 1343 2880 Arianos

136 2947 229 3003 saepe
268 2943 304 2985 ac
338 2926 469 2984 libenter
506 2927 554 2984 usi
586 2935 665 2986 sunt.
699 2928 752 2988 Sic
795 2929 1070 2989 Athanasius:
1112 2922 1252 2997 Quodsi,
1275 2925 1338 2993 ait,

135 3033 279 3092 scrutari
294 3031 411 3100 velint,
434 3049 509 3103 cnr,
531 3049 602 3090 enm
623 3032 714 3092 Deus
739 3051 863 3111 semper
885 3036 990 3112 possit
1007 3049 1105 3107 opera
1122 3031 1257 3108 faeere,
1279 3047 1344 3089 nort

135 3154 264 3214 semper
278 3136 380 3207 feeit:
401 3154 480 3196 sane
496 3138 724 3197 insanientium
745 3138 907 3199 namnum
928 3141 1089 3198 temeritas
1106 3117 1170 3194 isto
1182 3140 1238 3196 est.
1264 3131 1345 3206 Quis

137 3245 222 3302 enim
237 3242 380 3318 semovit
396 3258 528 3300 sensnm
540 3241 680 3312 Domini,
704 3249 761 3302 out
775 3244 847 3320 puis
860 3243 1065 3304 consiliarium
1080 3241 1152 3314 ejus
1170 3237 1265 3311 fuit?
1282 3233 1345 3297 Aut

138 3345 295 3425 mmmodo
309 3347 491 3423 fipmenlum
508 3344 590 3404 dicet
601 3344 726 3423 lictori:
750 3341 837 3418 outo
853 3367 903 3408 me
920 3348 1030 3427 fecisti
1057 3343 1129 3405 sie?
1163 3343 1279 3404 Verum
1300 3358 1341 3399 ne

137 3450 191 3512 rel
202 3450 263 3510 leni
281 3450 399 3526 omenta
414 3451 547 3521 ratione,
568 3448 695 3509 silentio
710 3456 855 3523 mamm,
877 3453 1013 3513 audiam
1023 3451 1081 3523 illi,
1102 3467 1168 3509 res
1184 3448 1341 3525 [aeras

138 3562 342 3618 aeternas
364 3560 457 3616 ess'e
475 3575 557 3616 non
575 3558 790 3635 potuisse,
812 3560 924 3630 enam,
946 3559 978 3618 si
995 3575 1052 3617 eas
1070 3570 1194 3631 semper
1206 3549 1344 3626 potuerit

132 3666 250 3740 faeere
264 3661 362 3721 Dens.
385 3661 468 3722 Itloe
481 3664 566 3722 enim
582 3679 626 3721 es
641 3661 742 3722 nihilo
761 3666 856 3740 sunt,
886 3680 946 3724 nee
962 3665 1072 3739 erant,
1094 3662 1264 3733 antequam
1283 3653 1345 3728 tie-

133 3771 229 3826 rent:
253 3783 334 3843 quae
355 3769 461 3825 eutem
487 3783 552 3824 non
578 3773 684 3836 aaut,
718 3770 886 3844 antequam
918 3767 1049 3844 fierent,
1070 3758 1222 3843 quomodo
1249 3755 1349 3818 sistrd

131 3888 213 3935 cnm
240 3873 325 3945 Deo,
347 3869 402 3948 qni
432 3884 559 3949 seraper
589 3874 655 3942 est,
674 3871 801 3947 possint
836 3864 1004 3931 existere?
1025 3868 1053 3950 ¹)
1077 3901 1116 3911 —
1138 3863 1347 3927 Basilius:

125 4098 588 4164 DeM·ortn.1.1.c.8.0pp.
611 4099 736 4166 '1¹.l.p.
763 4102 819 4153 131.
838 4127 873 4138 -
891 4101 1060 4155 Cassian.
1087 4102 1129 4150 De
1149 4100 1258 4150 Ineunt.
1277 4099 1296 4147 1.
1314 4096 1343 4146 5.

125 4209 161 4245 c.
177 4193 212 4242 8.
229 4188 300 4255 opp.
315 4203 341 4256 p.
357 4189 433 4241 1029.
450 4214 485 4224 -
501 4187 679 4252 Prosper.
697 4193 793 4252 Enim.
810 4195 862 4244 41.
888 4191 959 4258 opp.
977 4205 1006 4256 p.
1014 4188 1082 4254 [688.
1106 4216 1139 4226 -
1157 4188 1204 4239 Pe
1215 4192 1261 4238 tr.
1279 4185 1344 4235 Da·

122 4280 253 4332 mian.
272 4281 366 4338 onere.
385 4281 434 4329 36.
452 4294 479 4330 c.
495 4279 583 4332 8.16.
601 4279 671 4344 opp.
687 4280 721 4332 Τ.
735 4283 761 4333 3.
774 4295 802 4347 p.
810 4283 869 4332 313.
884 4283 943 4333 als.
959 4279 992 4333 0.
1010 4308 1042 4318 -
1060 4281 1134 4332 Ber
1146 4272 1346 4329 nard.80rm.

119 4375 189 4422 31.
211 4372 240 4420 tu
265 4368 342 4419 cont.
360 4367 430 4432 0pp.
462 4365 496 4418 V.
525 4370 547 4420 t.
580 4381 604 4419 e.
630 4371 703 4421 test.
730 4398 763 4408 -
789 4371 965 4423 Ansetm.
993 4373 1130 4431 ttonolon.
1158 4381 1184 4421 o.
1215 4370 1266 4419 24.
1294 4366 1343 4416 28.

117 4461 216 4527 opp.
233 4471 262 4523 p.
278 4458 319 4508 13.
337 4469 363 4509 e.
378 4457 395 4506 2
412 4470 438 4511 s.
458 4471 485 4522 p.
501 4459 543 4509 15.
564 4471 590 4511 e.
610 4466 634 4511 ι.
654 4465 778 4522 Proston.
794 4478 820 4515 e.
838 4464 966 4514 20-22.
984 4475 1011 4527 p.
1030 4442 1064 4512 32
1079 4474 1106 4512 s.
1132 4461 1174 4510 De
1190 4459 1299 4513 tnenrn.
1317 4468 1341 4508 c·

122 4553 169 4601 9.
188 4560 217 4612 p·
238 4545 282 4597 ²18.
299 4557 322 4595 e.
337 4545 363 4596 2.
379 4546 413 4597 Α.
431 4546 466 4597 Β.

173 4633 201 4698 ¹)
220 4637 267 4687 tir.
287 4639 316 4686 1.
330 4642 402 4686 cont.
415 4636 509 4686 Arion.
525 4648 552 4685 n.
570 4637 620 4688 29.
639 4636 709 4705 opp.
726 4638 759 4693 Τ.
778 4640 802 4695 t.
817 4637 849 4692 Ρ.
866 4641 891 4694 t.
906 4652 932 4716 p.
949 4637 1000 4690 t33
1020 4651 1045 4699 s.
