2926 5168
121 376 312 442 somniarunt
339 376 506 452 baeretici,
536 380 707 452 materiam,
726 365 816 460 ὕλην,
845 384 998 442 aeternam
1035 387 1247 456 assumentes,
1269 400 1324 444 nec

120 504 181 546 nou
201 487 389 556 Palamitae,
417 489 514 547 lucem
542 483 674 548 divinam
703 507 721 547 a
756 490 823 547 Deo
858 497 982 548 aeterno
1008 489 1204 558 emicantem,
1227 489 1324 550 instar

122 592 295 668 splendoris
318 591 474 652 radiorum
493 593 608 661 csole,
631 611 755 670 eamque
774 591 989 669 aspectabilem
1011 602 1099 672 atque
1129 611 1324 671 corpoream,

119 699 187 757 Deo
227 707 440 772 coaeternam,
463 703 494 758 et
520 699 556 757 ab
588 700 653 776 ipso
679 699 831 758 diversam
856 707 1034 763 statuentes.
1064 731 1103 745 —
1133 700 1208 759 (lum
1233 699 1324 758 rebus

120 803 236 862 creatis
251 805 370 862 nonnisi
383 804 616 876 immortalitas,
639 821 697 862 non
712 813 812 864 autem
829 806 895 881 ipsa
912 806 1078 866 aeternitas
1108 805 1325 865 communicari

120 915 234 984 potest.
255 909 367 968 Differt
385 916 484 968 tamen
503 910 719 968 immortalitas
736 910 766 967 in
783 911 851 969 Deo
869 910 906 969 ab
921 911 1150 970 immortalitate
1166 911 1197 969 iu
1222 910 1323 980 bisce,

121 1013 201 1092 quod
214 1016 299 1074 Deus
312 1014 572 1074 immortalitatem
591 1033 609 1075 a
622 1032 657 1074 se
670 1015 779 1084 babet,
803 1033 858 1075 nec
872 1034 937 1075 eam
954 1017 1044 1075 alteri
1058 1016 1164 1087 debet,
1187 1017 1238 1093 qui
1264 1017 1324 1092 ipsi

122 1138 211 1190 eam,
233 1121 261 1178 si
275 1117 350 1181 velit
364 1122 494 1180 aufferre
509 1122 626 1197 possit,
650 1128 680 1180 et
698 1122 768 1197 qula
791 1118 1005 1181 immortalitas
1021 1121 1051 1178 in
1075 1122 1150 1194 illo,
1172 1131 1256 1181 recte
1273 1142 1325 1193 eo,

125 1225 204 1303 qarod
224 1227 266 1285 sit
278 1226 472 1297 necessaria,
495 1235 544 1285 est
561 1242 628 1285 cum
649 1226 893 1286 immutabilitate
909 1226 1067 1301 conjuncta
1085 1231 1124 1302 Ι).

208 1328 259 1390 Ob
271 1349 380 1393 serv.
400 1333 429 1397 3.
451 1333 525 1392 (lum
541 1333 627 1390 Deus
643 1332 727 1392 solus
745 1339 909 1410 aeternus,
932 1333 1017 1392 solus
1034 1333 1144 1392 bonum
1159 1333 1323 1392 incommu-

121 1432 215 1496 tabile
233 1454 268 1497 ae
284 1455 417 1514 perenne
432 1437 490 1496 sit:
519 1443 525 1504 ξ

207 1561 235 1612 a,
257 1544 353 1603 solum
371 1543 469 1620 ipsum
486 1561 683 1619 quaeramus,
706 1561 944 1621 spernamusque
963 1543 1041 1603 bona
1059 1543 1195 1619 peritura
1213 1549 1244 1602 et
1269 1541 1324 1600 fal·

120 1649 218 1722 laria,
240 1667 277 1709 ne
296 1649 469 1709 amittamus
488 1658 631 1720 aeterna;
653 1657 741 1725 atque

208 1755 238 1814 b.
259 1756 484 1832 praetereuntia
500 1753 579 1815 mala
596 1757 748 1833 patienter
761 1755 896 1814 feramus
904 1796 917 1831 ,
938 1772 1006 1813 nam
1020 1754 1111 1814 breve
1139 1763 1186 1815 est
1206 1763 1325 1831 tempus

123 1859 333 1919 tribulationis
352 1869 493 1931 nostrae,
517 1870 547 1919 et
568 1877 633 1921 non
644 1865 720 1920 aunt
737 1860 915 1938 condiqnae
935 1861 1106 1938 3333133333
1128 1860 1225 1936 bojas
1248 1864 1328 1920 tern-

119 1966 213 2040 113313
240 1964 286 2024 ad
296 1953 445 2042 fcturum
456 1963 594 2042 ploriam
600 2007 613 2043 ,
637 1983 720 2045 quae
734 1963 925 2026 revelabitur
937 1969 972 2025 tn
983 1965 1073 2025 nobis
1089 1970 1138 2047 2);
1161 1954 1218 2026 nec
1241 1983 1299 2023 non

208 2087 232 2131 c.
255 2071 385 2148 tempori
402 2087 562 2149 parcamus
571 2113 584 2149 ,
607 2070 716 2149 illoque
734 2072 914 2130 adsalutem
932 2078 1067 2130 nostram
1088 2071 1325 2148 consequendam

123 2185 262 2246 utamur,
286 2193 374 2254 quum
399 2178 506 2256 quovis
537 2175 603 2252 ejus
633 2186 784 2237 momento
808 2177 918 2236 bonum
948 2176 1098 2236 infinitum
1135 2176 1251 2240 lucrari
1275 2195 1325 2234 va·

121 2284 248 2342 leamus.

459 2381 485 2466 t.
505 2377 571 2454 11.
594 2376 692 2451 1.(1.
715 2387 982 2453 immensus.

205 2506 343 2574 Praeter
357 2506 648 2574 immutabilitatem
664 2528 703 2573 ac
724 2508 967 2586 aeternitatem,
990 2529 1072 2596 quae
1102 2521 1155 2576 est
1183 2509 1256 2574 aevi
1284 2527 1322 2575 ac

124 2613 281 2699 temporis
300 2613 517 2691 immensitas,
538 2613 571 2677 in
589 2612 792 2699 simplicitate
810 2612 874 2679 Dei
898 2635 996 2700 porro
1018 2615 1199 2681 continetur
1226 2616 1327 2681 altera

123 2719 343 2794 immensitas,
365 2738 447 2806 quae
463 2720 602 2805 spatium
622 2721 779 2786 aclocum
802 2731 946 2806 spectat,
969 2740 1158 2807 omnemque
1182 2721 1326 2806 ejusdem

126 2824 296 2890 terminum
309 2845 349 2890 ac
361 2824 585 2891 extensionem
602 2824 753 2890 excludit.

207 2930 339 3016 Duplex
361 2928 513 2996 videlicet
537 2929 666 2996 affectio
684 2953 813 2996 omnem
838 2951 907 2996 rem
926 2930 1118 2999 existentem
1138 2933 1327 2999 necessario
1355 2964 1358 2971 ·

129 3036 287 3123 sequitur,
318 3037 410 3101 locus
426 3047 459 3102 et
485 3048 598 3122 aetas3
621 3036 737 3122 quippe
764 3048 832 3101 tum
852 3036 968 3102 alicubi
990 3058 1067 3103 esse
1090 3038 1132 3113 id,
1154 3042 1238 3125 quod
1260 3052 1327 3116 est,

126 3153 274 3227 oportet,
295 3152 363 3205 tum
379 3141 553 3227 aliquando.
576 3141 720 3220 Quorum
741 3141 829 3206 linita
848 3142 1155 3231 circumscriptaque
1179 3157 1231 3210 est
1254 3146 1327 3210 sub·

126 3245 259 3322 stantia,
281 3265 393 3312 eorum
421 3245 584 3311 definitum
606 3258 657 3311 est
687 3247 845 3332 spatium,
876 3247 908 3312 in
934 3271 996 3335 quo
1025 3251 1186 3328 existunt,
1210 3272 1328 3316 esseve

128 3364 317 3438 coeperunt.
339 3351 424 3418 Nam
446 3353 530 3440 quod
554 3352 679 3438 coepit,
703 3364 874 3442 antequam
891 3354 1064 3439 inciperet,
1087 3378 1150 3422 uon
1168 3356 1237 3443 luit3
1259 3357 1322 3422 ita·

125 3551 155 3600 3.
190 3545 578 3600 esooaneeaeeoae.
599 3549 627 3596 1.
646 3547 745 3599 3501.
771 3545 984 3601 -Μεῑὴοᾱ,
1011 3546 1030 3600 l.
1056 3560 1083 3602 3.
1110 3576 1143 3586 -
1168 3548 1328 3615 urerer.

125 3635 149 3686 N
158 3648 234 3701 με.
252 3637 327 3688 cont.
343 3637 458 3689 lienosi.
477 3639 494 3686 1.
516 3640 564 3689 12.
578 3636 650 3705 0pp.
664 3634 696 3689 T.
708 3639 733 3691 2.
748 3651 776 3704 p.
794 3638 854 3688 311.

161 3723 183 3792 Ι)
201 3723 252 3779 Ps.
270 3725 289 3776 J
296 3723 411 3776 ustln.
430 3727 591 3790 (13333133
607 3729 708 3779 Graec.
722 3743 746 3790 q.
763 3731 789 3778 9.
807 3725 877 3793 0pp.
894 3727 1039 3781 lustin.
1058 3742 1086 3794 p.
1102 3729 1163 3783 592.
1182 3733 1330 3796 (tauerner

125 3830 195 3875 resp.
211 3818 249 3866 33
267 3817 369 3867 orthod.
384 3831 408 3878 p.
426 3818 474 3868 51.
492 3816 535 3867 lb.
553 3829 581 3881 p.
594 3815 652 3868 198.
671 3841 704 3853 -
722 3816 873 3868 Theodo
883 3829 897 3867 r
908 3823 954 3869 ct.
971 3819 1058 3870 Erum
1072 3820 1150 3872 17131.
1164 3823 1192 3872 3.
1211 3818 1282 3888 0pp.
1297 3821 1330 3875 Τ.

125 3903 153 3957 1.
172 3918 200 3970 p.
216 3904 264 3956 no
279 3918 321 3955 ss.
339 3932 372 3943 -
389 3903 554 3957 bictbotl.
572 3909 801 3958 9333331335.
821 3906 873 3974 sp.
891 3906 998 3959 Pbot.
1016 3909 1078 3959 333.
1100 3910 1170 3961 235.
1196 3909 1227 3960 13
1246 3909 1328 3961 Gal·

126 3992 314 4047 13339151.
333 3999 388 4047 PP.
403 3994 436 4047 T.
451 3997 477 4045 3.
490 4009 516 4061 p.
532 3996 590 4047 sot.
609 4025 642 4037 -
659 3996 684 4047 Ν
694 3995 851 4048 evatlan.
869 3999 913 4049 lte
938 3999 1030 4048 Tle'ntt.
1057 4012 1084 4049 3.
1100 4001 1131 4051 4.
1149 3996 1190 4051 lb.
1207 3999 1240 4050 Τ.
1254 4000 1281 4052 3.
1301 4014 1329 4067 p.

125 4086 187 4146 299,
200 4095 226 4136 c.
241 4084 259 4134 2
272 4097 299 4136 s.
314 4107 346 4121 —
365 4084 545 4150 Prosper.
565 4087 639 4138 sear.
664 4101 699 4138 ec
721 4089 862 4147 13333113.
888 4088 963 4138 sent.
989 4089 1058 4140 183.
1082 4085 1154 4155 opp.
1177 4100 1204 4142 c.
1218 4091 1276 4140 559.
1296 4114 1330 4126 -

125 4172 322 4240 Augustln.
340 4177 382 4226 lte
398 4177 491 4227 Trtntt.
508 4180 526 4227 t.
546 4178 593 4227 15.
611 4191 635 4226 e.
654 4179 682 4227 5.
700 4191 728 4228 n.
746 4179 774 4227 7.
792 4173 861 4242 0pp.
875 4175 908 4228 Τ.
922 4177 950 4228 8.
969 4188 994 4225 3.
1006 4177 1066 4227 stt.
1083 4179 1102 4230 1.
1120 4181 1149 4231 1.
1166 4193 1193 4230 3.
1214 4182 1243 4232 1.
1256 4193 1283 4230 a.
1301 4182 1330 4231 2.

127 4277 152 4316 3.
171 4265 234 4317 759.
251 4264 342 4317 sem.
365 4268 412 4318 55.
426 4269 460 4315 de
477 4266 725 4317 cerb.1t'u.lltattb.
743 4281 769 4318 c.
785 4269 813 4319 3.
828 4281 856 4318 n.
875 4268 903 4316 4.
923 4264 955 4316 Τ.
970 4267 998 4318 5.
1014 4279 1039 4319 3.
1054 4268 1115 4318 369.
1144 4269 1233 4322 Serto.
1259 4250 1329 4321 213.

126 4356 240 4406 latrat.
260 4354 390 4415 93351.
409 4367 438 4405 3.
456 4356 485 4407 1.
510 4367 536 4407 3.
559 4356 621 4408 937.
646 4358 677 4407 13
699 4359 744 4406 Pr.
773 4359 841 4407 145.
862 4370 888 4405 n.
916 4359 963 4406 tt.
987 4353 1021 4409 T.
1040 4355 1065 4409 1.
1090 4357 1330 4410 31511313.-

128 4444 285 4508 oregor.
301 4443 343 4496 tu.
363 4445 459 4495 morat.
480 4446 498 4494 1.
520 4448 568 4498 12.
584 4459 608 4497 a.
625 4448 675 4498 33.
693 4461 719 4496 a.
736 4448 784 4496 as.
803 4442 873 4510 opp.
889 4422 923 4496 r'.
942 4446 963 4496 t.
985 4459 1010 4500 e.
1037 4446 1098 4500 nce.
1122 4449 1140 4497 t.
1176 4450 1226 4500 as.
1260 4452 1279 4500 1.
1300 4452 1329 4501 3.

126 4553 157 4590 a·
176 4539 206 4588 9.
223 4548 247 4588 c.
265 4535 325 4587 791.
344 4539 365 4587 t.
383 4537 434 4588 32.
453 4549 477 4586 c.
499 4538 525 4592 7.
544 4553 571 4590 3.
591 4540 620 4592 9.
638 4549 663 4590 o.
685 4537 747 4589 1951
768 4549 793 4588 s.

161 4620 188 4688 ¹)
206 4623 288 4679 11331.
300 4623 326 4690 9,
346 4623 387 4676 19.
