2926 5168
122 208 184 283 itt

120 387 210 431 meae
226 362 281 442 ¹3?
301 401 342 414 -
363 359 386 428 b
396 357 573 427 eremias
595 367 703 424 autem
713 354 820 424 Deum
836 360 1021 447 loquentem
1041 355 1169 429 inducit
1192 380 1327 452 sequen-

122 482 188 535 tem
209 469 241 535 in
264 471 409 534 modum:
432 475 574 533 Putasne
595 468 712 530 Dens
733 486 751 529 e
772 470 908 530 vicino
938 490 1009 549 eqo
1029 491 1134 544 snm,
1164 474 1245 536 ebrit
1263 475 1329 536 Do-

121 581 253 657 minus,
276 583 308 640 et
326 596 406 639 non
436 577 550 638 Dens
576 575 625 635 de
653 573 800 652 bonne?
819 571 864 636 st
884 577 1185 639 occultabitur
1206 581 1270 641 rir
1288 583 1329 640 tn

120 682 418 744 absconditis.-
454 686 491 743 et
521 698 592 758 epo
620 698 701 740 non
728 679 870 741 ridebo
899 677 1018 743 euml
1046 683 1124 743 diet!
1150 688 1328 746 Dominus:

119 788 323 868 numquid
339 805 423 849 non
443 786 617 856 coelum,
640 790 677 846 et
696 789 858 845 terram
879 804 951 863 eye
971 781 1153 866 impleo?
1172 788 1329 851 aanor·

120 897 226 954 eninm
246 891 285 974 ²).
309 891 435 954 Sensus
455 899 522 952 est.-
548 888 640 952 Deus
662 885 778 972 ubique
797 906 956 971 praesens
974 899 1035 962 est,
1058 900 1093 953 et
1114 889 1247 976 quidem
1258 891 1328 955 sulr

122 995 259 1071 stantia,
293 1016 391 1081 quum
419 993 568 1079 replendi
600 1014 667 1058 vox
697 992 737 1057 ad
767 995 884 1056 mentis
907 1014 946 1058 ac
968 993 1145 1059 voluntatis
1168 995 1328 1060 actionem

121 1100 276 1185 restringi
297 1110 454 1187 nequeat;
479 1110 512 1164 et
542 1109 696 1183 proptera
736 1097 812 1163 nihil
844 1118 954 1162 coram
993 1119 1033 1164 eo
1069 1111 1122 1164 est
1159 1099 1328 1166 abscondi·

124 1218 190 1271 tum
219 1206 255 1291 8).
279 1204 465 1269 -Eodem
491 1225 628 1290 prorsus
651 1224 751 1267 sensu
772 1204 858 1269 canit
891 1203 1140 1268 Psalmista:
1167 1211 1251 1281 Quo
1270 1213 1328 1270 ibo

122 1317 320 1395 aspiritn
341 1313 441 1376 tuo?
460 1321 500 1374 et
520 1331 597 1393 qno
619 1314 776 1389 eserie
797 1318 867 1373 tna
885 1313 1083 1391 furiem?
1105 1311 1328 1377 Staremdero

122 1425 157 1482 r'n
179 1420 322 1499 coelum,
347 1425 387 1479 tn
408 1418 504 1480 illio
526 1437 587 1497 ω,
617 1422 648 1479 si
668 1417 860 1479 descendero
888 1419 924 1478 t’n
953 1418 1119 1495 infernum
1127 1461 1140 1497 ,
1163 1420 1273 1480 odes.
1293 1417 1329 1482 et

121 1545 267 1587 sumsero
278 1544 403 1605 pennos
423 1542 512 1584 meos
534 1522 671 1584 diluenlo
679 1566 692 1602 ,
714 1527 746 1584 et
763 1522 946 1584 habitarero
975 1527 1009 1583 in
1039 1525 1195 1584 entrentr's
1222 1526 1328 1586 morit.

122 1629 250 1692 Etenim
280 1630 388 1692 illuc
416 1646 563 1690 monne
594 1632 666 1688 tna
693 1627 874 1688 deducet
905 1647 983 1688 me:
1011 1634 1056 1689 et
1081 1628 1247 1690 tenebit
1272 1649 1328 1690 me

124 1737 308 1797 deotera
330 1744 413 1796 tna.
434 1739 481 1796 Et
500 1734 592 1794 dini.-
615 1731 766 1794 Ilorrttan
781 1733 928 1793 tenebrae
948 1732 1184 1795 eonculoebunt
1209 1753 1280 1795 me:
1302 1740 1330 1796 et

121 1859 188 1903 noo
208 1836 845 1911 illuminationear‘nbellritsmets.Quia
865 1838 1071 1899 tenebrae
1091 1857 1156 1900 non
1183 1841 1328 1902 obsen-

128 1946 336 2006 robnntnr
357 1964 378 2004 e
399 1954 451 2024 te,
473 1949 513 2005 et
531 1961 615 2004 non
636 1944 748 2002 sient
767 1941 858 2002 dies
879 1942 1226 2007 illuminabitur.-
1256 1949 1329 2007 sir·

123 2058 167 2111 ot
196 2051 401 2111 tenebrae
431 2051 541 2127 ejnr,
577 2050 639 2108 ito
667 2052 709 2108 et
735 2046 868 2108 lumen
889 2050 987 2124 ejus
1008 2045 1037 2127 4)
1060 2083 1101 2093 -
1122 2047 1232 2134 Atque
1263 2048 1328 2113 Ba·

123 2151 244 2217 ruch:
266 2159 443 2232 Moenus
464 2163 544 2227 est,
565 2148 676 2236 inquit,
699 2148 831 2234 (Dens)
854 2157 893 2211 et
911 2169 992 2212 non
1020 2152 1151 2215 babet
1171 2157 1328 2234 finem:

122 2260 342 2330 oscelsus,
364 2265 404 2320 et
423 2261 654 2320 immensus
676 2254 720 2340 ⁵).
743 2254 779 2318 In
800 2253 853 2317 his
879 2254 1029 2320 omnibus
1054 2255 1135 2321 locis
1159 2259 1327 2324 manifeste

124 2362 164 2425 de
196 2360 362 2426 essentiali
389 2359 452 2424 Dei
487 2359 602 2447 ubique
635 2359 819 2446 praesentia
841 2379 952 2424 sermo
975 2372 1046 2437 est,
1069 2383 1166 2447 quum
1189 2362 1265 2429 illae
1287 2364 1328 2429 di·

123 2468 218 2531 cendi
249 2467 426 2542 formulae,
463 2465 543 2531 licet
571 2465 831 2550 metaphoricae,
867 2465 994 2530 nonnisi
1032 2465 1092 2542 illi,
1130 2489 1328 2557 nequaquam

124 2584 231 2636 autem
254 2570 429 2660 cognitioni
451 2583 572 2636 tantum
591 2583 646 2636 aut
667 2571 834 2638 efficaciae
849 2571 979 2636 virtutis
996 2571 1123 2637 divinae
1145 2575 1329 2642 adcommo-

124 2677 193 2741 dari
214 2676 349 2762 possint.

206 2780 281 2847 Non
302 2781 407 2847 minus
430 2793 537 2848 autem
558 2803 656 2868 porro
680 2803 723 2848 ex
744 2780 785 2850 N.
807 2784 849 2847 Τ.
872 2782 1052 2872 colligitur,
1073 2783 1183 2849 Deum
1205 2785 1328 2873 ubique,

126 2895 159 2954 et
177 2884 304 2975 quidem
322 2887 519 2962 substantie,
542 2909 605 2953 non
621 2909 700 2953 vero
716 2889 748 2953 in
768 2888 860 2953 coelo
875 2900 1015 2964 tantum,
1038 2900 1093 2953 aut
1109 2889 1218 2976 aliqua
1235 2892 1327 2975 hujus

125 3005 217 3080 parte
255 3005 462 3078 praesentem
500 3013 583 3058 esse.
621 2995 705 3058 Nam
733 2993 944 3059 Christus
973 2979 1180 3059 Dominus
1215 2998 1326 3068 docet,

125 3099 284 3164 coelum
314 3118 417 3162 esse
448 3098 650 3163 thronum
681 3097 778 3172 Dei,
811 3109 972 3163 terram
1004 3106 1146 3164 autem
1169 3102 1326 3166 scabel-

125 3203 203 3268 lum
232 3203 382 3289 pednm
412 3204 499 3288 ejus
531 3212 570 3283 ⁶),
600 3205 640 3266 ed
671 3204 772 3267 verha
795 3203 900 3269 Isaiae
921 3204 1124 3290 respiciens,
1146 3204 1325 3291 cujusmodi

124 3307 298 3374 verborum
319 3307 425 3395 ligure
448 3319 515 3372 tota
542 3326 653 3371 rerum
690 3308 907 3385 universitas,
937 3322 1159 3376 extremarum
1192 3311 1324 3396 partium

124 3413 284 3480 mentione
307 3411 410 3487 lacta,
443 3412 644 3499 exprimitur.
672 3414 777 3499 Attpne
807 3414 962 3479 Paulus
993 3417 1076 3503 apud
1107 3416 1323 3505 Areopagitas

127 3522 315 3587 disserens:
339 3528 465 3601 Dens,
488 3518 548 3595 ait,
570 3539 652 3582 non
673 3522 795 3601 lonae
816 3529 880 3585 est
912 3524 960 3585 ab
987 3528 1247 3606 unoquoque
1265 3543 1321 3586 no

123 3634 260 3692 strum.
281 3629 444 3703 inipso
466 3629 581 3687 enirn
601 3631 796 3697 vivimus,
818 3647 1050 3709 moremur,
1072 3635 1111 3691 et
1129 3629 1316 3705 snmns'l

123 3731 226 3810 Quem
236 3733 268 3796 in
283 3731 389 3795 locum
403 3729 537 3816 pulchre
548 3730 680 3793 adnotat
701 3728 1067 3814 chrysostomus:
1089 3738 1210 3814 Papae,
1220 3729 1313 3818 inqut

131 3901 375 3918 m

157 3965 182 4030 (¹
202 3967 302 4028 thoe
323 3969 346 4019 l.

156 4054 181 4119 2)
200 4058 261 4110 Jer.
275 4057 318 4118 23,
336 4055 378 4106 23.
396 4056 439 4106 bl.

156 4136 181 4211 ³)
199 4145 438 4198 (innatas.
458 4139 538 4196 Sin,
558 4144 602 4195 Or.
622 4145 649 4196 2.
672 4148 705 4197 de
728 4146 957 4205 lncironmsrrint.
986 4161 1014 4200 n.
1041 4151 1071 4198 5.
1100 4145 1134 4198 ln
1159 4129 1298 4200 Gallenl·

122 4237 196 4288 otor.
210 4236 267 4287 rr.
284 4233 319 4286 n.
336 4237 377 4284 12.
394 4248 422 4299 p.
436 4234 494 4285 ens.

156 4319 181 4387 r.)
200 4323 248 4373 Ps.
265 4324 323 4388 138,
342 4324 434 4373 7-12.

156 4408 182 4475 ⁵)
200 4411 313 4463 Baruch
332 4413 357 4472 3,
376 4413 418 4461 25.
435 4411 476 4462 ct.
491 4411 587 4462 Amos.
603 4412 629 4470 9,
647 4413 723 4463 2-3.
740 4413 806 4477 Sap.
826 4415 850 4473 l,
869 4415 946 4466 7-8.

155 4497 181 4565 ⁶)
200 4502 303 4554 Matth.
321 4504 348 4561 5,
363 4502 475 4553 stt-ss.
494 4499 537 4553 ct.
554 4501 615 4551 Act.
631 4501 656 4560 t,
671 4501 714 4552 te.

156 4588 180 4658 l)
198 4591 259 4645 Act.
279 4593 318 4653 tt,
336 4592 447 4645 27028.
469 4589 513 4646 Gi.
532 4589 635 4657 Ephes.
654 4589 679 4659 h,
697 4592 722 4642 6.
