2926 5168
1275 220 1336 290 m

122 374 188 439 tiae
203 373 412 450 theoreticae,
433 393 516 459 quae
532 374 573 437 acl
589 373 834 460 intelligentiam
849 372 1000 436 videlicet
1015 382 1154 456 spectat,
1176 371 1336 436 rationem

120 480 290 562 habemus,
313 499 409 566 quarn
430 480 463 542 in
486 499 612 544 summo
634 480 736 560 gradu
765 498 824 563 pro
845 476 967 542 infinita
997 478 1060 541 Dei
1082 477 1283 562 perfectione
1304 476 1335 540 in

121 603 198 649 eum
218 585 454 650 transferimus.

207 688 300 754 Unde
321 689 537 775 sapientia
558 686 701 751 divina
718 707 764 751 ea
786 695 852 751 est
873 685 1102 770 perfectio,
1124 700 1203 773 qua
1225 688 1337 750 Deus

121 794 455 879 perfectissime
477 790 728 881 cognoscit,
752 792 858 876 quod
881 791 968 856 sihi
990 791 1246 876 naturisque
1268 810 1337 854 seu

123 900 301 964 entibus
322 898 474 973 finitis,
497 908 575 962 tam
597 897 770 962 ratione
792 894 1057 970 carentibus,
1081 914 1196 980 quam
1219 895 1338 959 eain·

122 1003 319 1079 structis,
341 1021 569 1091 congruum
592 1013 717 1087 atque
741 1002 1011 1067 conveniens
1034 1001 1103 1066 sit.
1126 1000 1191 1064 Pro
1213 999 1338 1085 sapien·

120 1109 170 1174 tia
192 1126 250 1174 sua
270 1109 378 1194 itaque
399 1109 491 1171 [leus
513 1107 604 1171 novit
624 1106 883 1190 perlectissime:

210 1234 239 1280 a.
263 1214 368 1299 quoad
390 1212 565 1296 seipsum,
592 1231 747 1298 suamque
771 1223 940 1276 externam
963 1211 1186 1276 efficientiam:

167 1343 198 1387 a,
221 1339 380 1404 quaenam
395 1315 464 1382 dari
480 1315 594 1381 fierive
613 1336 632 1380 a
650 1337 687 1381 se
707 1317 851 1403 possint,
874 1338 934 1382 seu
951 1337 1034 1402 quae
1049 1317 1135 1382 entia
1153 1315 1218 1381 sint
1237 1314 1339 1403 possi·

125 1424 221 1507 bilia;

165 1532 196 1612 β.
219 1548 319 1614 porro
340 1528 468 1615 quinam
490 1527 555 1592 sint
575 1526 658 1591 fines
681 1526 801 1611 optimi,
825 1545 970 1612 quaeque
993 1528 1033 1590 ad
1049 1527 1122 1592 illos
1141 1546 1339 1614 consequen·

126 1634 187 1696 dos
211 1631 332 1718 optima
355 1642 450 1716 atque
473 1630 640 1714 aptissima
662 1630 786 1706 media,
808 1649 866 1695 seu
890 1651 1046 1716 quaenam
1070 1635 1113 1698 sit
1134 1633 1255 1719 optima
1289 1654 1339 1698 re·

126 1759 198 1800 rum
222 1735 416 1822 dispositl03
439 1746 535 1821 atque

212 1842 243 1904 b.
267 1840 371 1926 queam
394 1839 479 1903 entia
502 1850 596 1904 exuo
618 1860 655 1904 se
677 1839 800 1925 ipsum:

167 1969 199 2013 a,
224 1944 303 2030 quid·
319 1944 406 2008 entia
420 1964 484 2008 non
499 1944 599 2008 libera
614 1943 750 2010 efficere
769 1945 925 2021 debcant,
947 1946 1074 2034 quinam
1091 1948 1155 2013 sint
1168 1968 1337 2013 causarum

128 2051 277 2125 effectus,
299 2071 337 2115 ac
358 2049 432 2114 vice
451 2069 566 2123 versa3
589 2060 684 2135 atque

166 2158 198 2237 β.
222 2155 297 2242 quid
322 2154 407 2219 entia
432 2152 601 2218 rationalia
624 2165 792 2240 praestare
812 2168 981 2240 oporteat,
1015 2179 1074 2224 seu
1093 2179 1250 2244 quaenam
1277 2161 1339 2225 illis

129 2261 354 2325 constituenda
373 2259 416 2323 sit
432 2260 488 2324 lex
507 2259 649 2323 moralis.

214 2365 383 2450 Sapientia
404 2362 469 2428 Dei
489 2363 612 2429 infinite

259 2471 299 2539 A.
332 2469 366 2534 in
391 2471 451 2535 88.
482 2470 664 2534 Litteris
692 2468 783 2533 vario
813 2470 928 2543 modo,
958 2470 1103 2558 populari
1134 2472 1277 2558 quidem,
1307 2484 1341 2538 at

130 2599 193 2642 una
215 2575 345 2640 sublimi
360 2575 548 2641 adstruitur.
571 2575 616 2638 Ilt
630 2574 776 2660 quidem:

214 2701 243 2748 a.
265 2681 357 2745 Deus
382 2680 504 2744 diserta
522 2678 643 2743 inlinite
663 2699 702 2743 ac
729 2681 921 2744 necessario
943 2681 1075 2764 sapiens
1101 2704 1176 2748 esse
1196 2684 1341 2749 traditur.

129 2790 240 2862 soll,
271 2786 290 2850 i.
314 2806 445 2852 evera
467 2803 505 2849 ac
527 2805 664 2868 perse,
688 2791 879 2863 saplenti,
903 2785 1147 2863 aitl‘aulus,
1180 2792 1343 2870 Deoper
1436 2796 1437 2799 ’

128 2901 242 2956 Iesum
265 2893 447 2965 Christano,
480 2894 534 2954 sui
555 2895 675 2972 ltoner,
711 2897 745 2952 et
770 2892 877 2969 plotio
906 2896 941 2953 in
971 2899 1103 2955 saecula
1135 2896 1344 2962 soeculorum.

129 2999 236 3061 Amen
252 2995 289 3082 ¹).
310 2993 468 3059 Psalmi
479 3015 495 3057 s
507 3004 564 3056 ta:
588 2993 733 3073 Moenus
749 2997 906 3057 Dominus
927 3003 1228 3078 aestimamusque
1243 3007 1343 3061 virtus

130 3109 222 3184 q‘us:
247 3109 280 3165 st
309 3105 547 3179 sapientiae
576 3103 665 3177 ejus
691 3120 774 3162 non
804 3108 869 3162 est
896 3121 1091 3165 nanterus
1119 3102 1156 3186 ²).
1186 3102 1341 3167 Jolrus:

129 3208 253 3291 Apud
270 3210 404 3287 ipsum
423 3208 727 3295 estsaps'entio,
750 3208 966 3286 elsortitudo,
988 3210 1084 3286 ipse
1103 3208 1231 3271 leole!
1249 3229 1342 3272 cotr-

130 3312 286 3384 silium,
307 3318 348 3374 et
366 3311 707 3389 intellipentiam
729 3318 768 3387 8).
791 3308 836 3372 Et
856 3309 994 3374 Daniel:
1013 3316 1063 3374 Sil
1080 3334 1195 3377 nonum
1214 3315 1346 3382 Domini

132 3418 334 3481 benedictum
353 3438 373 3477 o
388 3416 533 3494 saeculo,
551 3426 583 3478 et
602 3419 753 3497 usquein
770 3423 955 3478 saeculum:
971 3421 1049 3498 qreia
1065 3423 1183 3498 sapie
1194 3426 1292 3493 ratio,
1315 3427 1346 3482 et

124 3521 285 3606 fortitudo
306 3523 398 3597 ejus
416 3526 521 3583 sent.
545 3519 592 3581 ut
604 3523 672 3597 ipss
688 3526 790 3582 suntal
805 3528 957 3602 ternpore,
979 3528 1163 3585 eluctatos:
1189 3529 1347 3606 noussen

129 3646 256 3707 repara,
279 3625 651 3707 neocaesareenses
676 3628 930 3702 sapientia
946 3645 976 3688 m
997 3630 1349 3712 sapientibus,‘st

130 3734 354 3798 seientiam
381 3729 749 3807 inlelliqenta'lus
780 3731 998 3808 disciplinam:
1022 3736 1092 3811 ipae
1111 3733 1241 3796 revelat
1267 3734 1346 3814 pro'*

124 3842 261 3922 fundo,
283 3842 322 3897 sl
340 3835 543 3913 abscondito,
572 3845 604 3897 et
622 3838 710 3896 novit
726 3837 763 3896 in
779 3836 917 3898 tenebris
935 3839 1128 3901 censatum:
1149 3846 1183 3902 et
1197 3843 1258 3902 lero)
1275 3837 1346 3902 cum

136 3962 180 4008 eo
197 3952 246 4005 est
264 3947 328 4017 ⁴).'
394 4006 396 4010 .

127 4145 381 4168 Μ

172 4249 197 4312 ¹)
214 4251 296 4304 nom.
316 4253 356 4312 ro,
373 4251 419 4303 aa.
438 4245 483 4300 of.
502 4247 528 4300 ι.
547 4243 619 4299 nim.
640 4248 664 4307 a,
683 4247 724 4298 ιτ.
744 4245 811 4302 ruo.
829 4248 875 4300 aa.
894 4245 921 4298 tn
948 4249 1026 4300 aaran
1046 4258 1165 4313 graeca
1191 4254 1237 4301 aaa
1260 4234 1345 4303 relato

127 4355 194 4397 non
212 4341 325 4394 videtur
343 4353 410 4391 csse
429 4337 561 4402 genuina.

168 4423 198 4494 ²)
216 4428 264 4483 l’s.
284 4430 342 4492 tao,
361 4433 385 4480 5.
405 4425 445 4479 Gi.
464 4424 528 4479 lob.
548 4429 589 4487 15,
606 4428 633 4477 8.
650 4426 691 4476 ls.
709 4426 750 4488 10,
767 4428 811 4480 28.

166 4511 206 4587 ³),
224 4519 291 4574 iob.
312 4522 353 4580 12,
373 4521 415 4572 1³.
433 4517 476 4569 Gi.
496 4517 587 4582 Apoe.
606 4516 631 4577 7,
651 4517 692 4567 12.

164 4606 195 4677 4)
213 4610 287 4663 Dan·
302 4608 330 4673 29
348 4608 461 4663 Ἀπ’
479 4605 522 4660 cf·
541 4603 580 4660 18.
597 4604 641 4672 407
660 4604 692 4655 ¹3
709 4617 735 4657 Ιο
