2926 5168
1274 199 1336 267 ast

124 353 288 423 excitavit,
310 362 343 412 ut
367 371 454 413 sunm
482 355 616 416 schisma
642 355 870 425 cohonestaret,
893 364 922 415 et
947 355 1148 415 ulcisceretur
1169 354 1336 414 damuatio·
1432 347 1435 351 ’

123 477 212 527 nem,
236 478 254 518 a
274 460 447 519 Nicolao
469 464 493 519 1.
517 463 546 520 in
569 481 603 520 se
625 464 784 538 prolatam.
807 463 937 523 Saeculo
956 463 1018 533 tx,
1040 471 1197 538 postquam
1222 460 1336 519 Graeci

122 565 158 622 ad
176 581 285 644 paoem
305 574 335 623 et
348 565 542 625 concordiam
561 586 629 627 cum
649 568 791 626 Ecclesia
819 566 993 635 redierant,
1021 565 1117 624 denuo
1144 564 1278 624 schisma
1300 582 1336 624 ac

122 671 207 729 litem
228 669 265 728 de
278 671 414 747 Spiritus
433 672 466 735 S.
487 674 686 750 processione
700 692 718 731 a
733 672 811 731 Eilio
828 690 944 749 quoque
960 672 1145 732 instauravit
1167 670 1268 730 Mich
1279 670 1334 729 aii

123 766 411 846 Caerulnrins,
435 779 485 855 qni
499 780 615 855 primus
630 780 802 838 Ecclesiam
818 779 985 838 Romanam
1002 777 1038 836 de
1061 777 1177 851 adjecta
1191 775 1334 851 Symbolo

123 881 273 958 particula
288 879 433 961 Filioque
447 883 640 959 reprehendit
657 888 695 957 ¹).
716 887 749 942 ln
768 885 971 943 oecumenicis
987 883 1132 942 conciliis
1140 882 1335 959 Lugdunensi
1386 864 1391 874 ’

124 994 152 1042 et
170 987 348 1045 Florentino
369 987 405 1046 ad
421 989 560 1048 unionem
575 1005 646 1047 curn
670 987 813 1046 Ecclesia
831 988 924 1046 latina
948 987 1104 1046 redieruut
1131 986 1261 1055 Graeci,
1284 1004 1334 1062 ap·

121 1092 289 1167 probantes
305 1100 334 1149 et
350 1093 530 1169 prolitentes
546 1094 655 1170 dogma
674 1092 710 1151 de
730 1094 929 1169 processione
952 1093 1089 1169 Spiritus
1103 1093 1135 1151 S.
1159 1091 1286 1151 aPatre
1304 1099 1334 1148 et

120 1196 215 1266 Filio,
238 1214 297 1254 una
318 1214 386 1255 cum
404 1197 608 1257 additamento
622 1198 767 1273 Symbola
783 1199 916 1268 inserto,
939 1198 1052 1267 donec,
1075 1208 1185 1276 agente
1212 1197 1333 1273 potissi·

121 1317 201 1357 mum
223 1300 362 1360 Marco
384 1296 557 1377 ldphesino,
581 1319 703 1361 rursum
718 1302 754 1361 ad
771 1302 932 1379 pristinum
945 1303 1097 1373 schisma,
1119 1323 1137 1360 a
1157 1303 1333 1360 Elorentina
1454 1354 1456 1359 ⁴

122 1403 240 1478 Synodo
260 1406 313 1463 vix
329 1405 481 1482 digressi,
504 1409 642 1484 plerique
657 1408 773 1484 relapsi
790 1409 862 1467 sint.
891 1411 917 1467 Α
944 1410 1075 1468 Graecis
1098 1408 1220 1466 transiit
1245 1425 1333 1465 error

121 1507 156 1566 ad
171 1507 330 1570 linthenos
350 1529 476 1588 quoqne,
499 1511 566 1588 qui,
588 1511 722 1571 licetdiu
740 1530 806 1570 cum
822 1512 962 1570 Ecclesia
976 1507 1156 1572 occidentali
1170 1510 1333 1583 conjuncti,

121 1615 221 1673 serius
243 1617 398 1675 tamenab
417 1619 484 1693 ipsa
504 1635 620 1694 quoque
645 1635 679 1676 se
697 1625 896 1693 separarunt,
920 1625 951 1677 et
981 1618 1011 1675 in
1044 1616 1101 1675 hoc
1120 1615 1236 1693 pariter
1263 1613 1333 1674 fidei

120 1720 337 1779 articulorum
363 1722 481 1799 reliqua
509 1722 652 1781 Ecclesia
687 1721 884 1782 schismatica
910 1724 1026 1782 sentire
1046 1725 1217 1781 maluerunt
1239 1721 1278 1797 ²).
1299 1721 1334 1778 ln

120 1825 285 1883 Academia
302 1834 401 1886 tamen
417 1827 564 1887 Kiovensi
581 1826 776 1886 nihilominus
786 1830 895 1887 saltem
914 1837 1053 1904 tanquam
1062 1826 1230 1904 propositio
1246 1843 1333 1884 vero·

121 1930 230 1988 similis
248 1930 338 1990 etiam
355 1931 496 2006 posthac,
524 1933 729 2007 SpiritumS.
758 1934 891 1993 etiams
921 1934 998 1992 Filio
1025 1932 1207 2009 procedere,
1230 1929 1331 1989 deten-

121 2032 248 2093 debatur
273 2038 312 2106 8).

201 2137 474 2206 Demonstramus
488 2159 569 2228 ergo
583 2140 703 2226 dogma
722 2137 922 2204 catholicum
940 2152 1054 2205 contra
1069 2140 1170 2205 hosce
1193 2139 1263 2223 ejus
1279 2137 1333 2216 adt

120 2242 305 2318 versarios,
328 2243 477 2310 Graecos
498 2255 531 2307 ct
549 2243 720 2309 Ruthenos
737 2245 976 2319 schismaticos,
996 2244 1171 2331 etquidem

243 2349 283 2414 Α.
304 2369 348 2412 ex
375 2349 411 2412 S.
435 2348 663 2432 Scriptura
683 2349 798 2414 iisdem
821 2371 959 2436 prorsus
978 2350 1189 2436 argumentis,
1214 2348 1328 2435 quihus

119 2450 164 2515 illi
182 2453 322 2537 probant
343 2451 512 2518 nobiscum
535 2455 781 2540 processionem
803 2454 945 2540 Spiritus
963 2456 998 2520 S.
1029 2475 1048 2518 a
1070 2456 1178 2519 Patre.
1200 2453 1331 2520 Etenim

205 2563 232 2624 l.
253 2557 339 2623 sicut
355 2557 389 2621 in
409 2558 471 2623 SS.
490 2559 581 2624 Litt
592 2559 837 2646 erisSpiritus
853 2562 887 2625 S.
897 2572 1034 2626 vocatur
1051 2558 1161 2625 Patris
1172 2559 1331 2645 Spiritus,

119 2661 162 2725 ita
188 2683 314 2748 quoquc
334 2663 513 2748 adpellatur
546 2665 743 2750 Spiritus
765 2664 944 2732 Christi.
977 2673 1183 2738 scrutantes,
1206 2665 1250 2730 ait
1270 2665 1331 2729 Pe-

118 2777 216 2831 trus
224 2814 236 2847 ,
259 2773 294 2831 in
314 2772 417 2852 quod,
449 2773 501 2832 net
521 2773 616 2853 quate
636 2779 759 2853 tempera
773 2776 969 2855 aipnilieoret
984 2777 1019 2833 in
1048 2775 1094 2834 eia
1116 2769 1330 2858 (Prophetis)

115 2874 315 2954 Spiritus
340 2876 532 2938 Christi:
559 2882 896 2956 praeconsumere,
924 2898 1007 2960 qnae
1045 2881 1080 2940 in
1104 2880 1230 2940 Christo
1255 2885 1334 2940 aunt

112 2983 304 3059 passiones,
326 2988 358 3042 et
370 2987 564 3060 posteriores
577 2984 699 3061 plorina
728 2990 766 3058 ⁴).
798 2975 956 3047 Lucas:
990 2983 1208 3045 Transeuntes
1237 2980 1331 3067 (Pau-

117 3081 171 3145 lus
186 3092 220 3146 et
240 3075 453 3162 Timotheus)
475 3089 671 3167 Phrygiam,
695 3093 728 3148 et
749 3085 902 3150 Galatiae
923 3091 1106 3167 regionem,
1134 3092 1228 3148 retati
1256 3093 1354 3158 aunt

117 3211 138 3251 0
159 3194 323 3266 Spiritu
343 3199 375 3254 S.
396 3192 483 3271 Inpnn'
497 3193 627 3254 verbnm
644 3193 707 3253 Dei
725 3195 760 3253 in
779 3191 872 3253 Asin.
897 3190 976 3255 cana
999 3202 1104 3254 nutem
1120 3194 1284 3252 venissent
1297 3196 1332 3251 in

115 3293 278 3373 Mysiam,
301 3284 528 3359 0010100100
545 3300 579 3357 in
592 3297 800 3376 Bithyniam:
831 3309 862 3359 et
887 3299 1034 3376 permisit
1055 3317 1111 3358 eos
1139 3294 1331 3376 Spiritus

115 3400 371 3474 ,1000118011
399 3410 451 3463 est
473 3411 600 3475 antem,
624 3410 659 3462 ut
682 3399 903 3472 ostendimus,
925 3400 987 3464 alio
1011 3420 1111 3464 sensu
1125 3397 1268 3483 Spiritus
1291 3398 1327 3466 S.

117 3500 261 3587 Spiritus
275 3502 398 3578 Patris,
421 3503 485 3568 nisi
505 3506 589 3589 quod
602 3525 621 3568 a
633 3505 732 3570 Patre
750 3506 928 3591 procedat3
950 3524 1031 3592 crgo
1044 3524 1116 3569 eum
1133 3503 1275 3589 Spiritus
1292 3502 1328 3569 8.

116 3607 261 3693 Spiritus
290 3605 414 3673 Christi
441 3630 500 3673 seu
527 3610 608 3674 «lesu
638 3622 792 3687 vocetur,
822 3612 861 3675 ah
892 3631 932 3675 eo
952 3630 1077 3698 quoqne
1097 3611 1254 3694 procedat
1275 3629 1329 3675 ne·

115 3735 216 3780 cesse
238 3724 298 3779 est.
1072 3782 1074 3787 ,
1192 3793 1195 3798 .
1275 3795 1277 3802 Α

202 3821 233 3887 2.
256 3815 384 3887 Dicitur
403 3818 547 3906 Spiritus
568 3821 603 3884 S.
625 3817 736 3887 mitti
759 3842 778 3885 a
798 3818 917 3913 Filio
928 3870 941 3906 ,
964 3822 1051 3889 sicut
1072 3815 1206 3911 mittitur
1229 3817 1325 3888 al’a·

113 3935 180 3992 tre.
204 3931 281 3991 Cum
294 3932 535 3990 outemrenerit
552 3925 751 4002 Parartitna,
773 3947 891 4010 quem
912 3951 987 4008 eqo
1009 3934 1164 3994 mittam
1193 3921 1281 4003 notis
1308 3951 1329 3990 0

116 4081 401 4100 m

153 4147 178 4211 ¹)
196 4149 237 4199 11
255 4163 281 4199 11.
300 4148 426 4198 19-112.
447 4144 646 4210 ρ.Χ11-ΧΧ.
1316 4176 1319 4183 ·

151 4233 176 4301 ²)
195 4235 238 4288 ct
263 4234 413 4302 theophil
440 4234 734 4302 Procopowlca‚
764 4233 808 4286 71.
832 4239 868 4286 de
894 4247 1012 4295 process.
1047 4236 1120 4294 sorr.
1143 4236 1173 4287 8.
1200 4174 1328 4296 Garnae,

114 4327 196 4380 1772
1171 4355 1173 4360 -

149 4409 177 4478 ³)
195 4414 238 4467 ct.
256 4418 336 4467 Dior.
353 4419 388 4466 de
404 4418 484 4477 retis.
500 4415 632 4481 Mogrrnt.
648 4418 677 4468 8.
694 4409 731 4467 S.
749 4417 776 4468 2.
793 4410 862 4469 urit.
881 4428 908 4480 p.
921 4415 975 4470 et.

151 4500 178 4570 l)
199 4505 224 4556 t.
243 4502 320 4556 Petr.
339 4505 363 4566 t,
382 4507 422 4558 11.

152 4589 176 4660 ⁵)
193 4595 256 4648 Aet.
277 4595 318 4656 tt,
336 4596 414 4649 c-r.
434 4593 478 4651 01.
497 4591 563 4647 Gal.
581 4594 606 4656 t,
624 4595 649 4648 6.
667 4591 791 4661 Philipp.
812 4595 837 4656 t,
856 4596 897 4649 19.
914 4591 997 4647 Rom.
1014 4593 1040 4646 8.
1058 4594 1085 4646 c.
