2926 5168
238 435 407 495 observ.
430 430 512 505 Quod
534 431 598 507 jam
613 432 649 491 ad
666 451 700 492 ea
727 433 853 502 attinet,
876 433 997 510 quaein
1020 432 1143 509 seriptis
1167 432 1355 494 SS.Patrum

153 541 308 607 hincinde
328 547 510 608 ouenrrunt,
534 556 569 598 ao
583 557 649 598 oum
670 539 826 598 divinitate
843 539 912 597 Filii
927 555 1064 615 pugnare
1078 538 1236 598 uidentur:
1258 539 1356 598 obser·

151 664 276 715 vannus,
297 645 366 703 fieri
390 646 544 720 potuisse,
566 652 656 720 prout
668 644 732 718 Jam
753 643 1028 717 Hieronymus
1050 646 1166 703 monuit
1188 647 1231 716 ¹),
1253 653 1287 703 ut
1310 646 1356 702 vel

152 753 331 830 simpliciter
353 752 543 818 erraverint,
566 751 742 826 praecipue,
774 750 824 807 ubi
844 751 1031 826 argumentis
1050 749 1181 808 internis
1194 749 1354 809 veritatem

150 855 315 919 revelatam
337 875 374 915 ex
389 874 445 915 sua
462 856 632 925 sententia,
656 873 713 914 non
737 855 916 913 auctoritate
939 854 1057 912 divinae
1078 855 1280 914 revelationis
1307 855 1356 912 iir-

151 982 235 1022 mare
252 969 415 1040 satagunt,
438 971 489 1020 aut
506 960 697 1019 oonsaotaria
722 960 790 1018 inde
819 960 987 1028 deduount;
1008 959 1058 1017 vel
1081 958 1141 1019 alio
1162 978 1256 1020 sensu
1272 976 1357 1019 voea-

150 1067 219 1125 bula
235 1060 440 1134 adhibuerint;
463 1066 512 1122 vel
527 1073 686 1140 autequam
711 1065 804 1122 Arius
835 1071 1031 1131 nasceretur,
1061 1065 1239 1124 innoeenter
1269 1084 1357 1144 quae·
1395 1101 1452 1114 -—

150 1171 265 1231 damet
284 1171 690 1240 minusuautelooutisint;
713 1170 773 1227 nisi
790 1169 896 1228 forsan
916 1168 952 1226 de
976 1171 1042 1228 loeo
1065 1171 1164 1247 aliquo
1189 1191 1246 1250 per
1268 1173 1357 1232 libra·
1383 1206 1437 1219 -

152 1279 391 1355 rioe’imperitos
404 1275 452 1337 vel
467 1277 558 1334 etiam
572 1274 744 1335 haereticos
760 1282 901 1349 corrupto
915 1283 1032 1350 agatur.
1046 1275 1129 1334 Unde
1144 1295 1249 1335 eorum
1263 1279 1356 1336 verba
1418 1320 1435 1329 -

149 1384 192 1442 ita
209 1384 446 1460 attemperanda
473 1389 560 1450 sunt,
583 1390 615 1438 ut
641 1382 677 1440 ab
707 1381 764 1451 iis,
788 1399 864 1456 quae
892 1381 964 1438 alibi
986 1398 1022 1439 ao
1043 1381 1211 1441 indubitate
1227 1400 1417 1459 pronun--

149 1489 242 1558 tiaut,
265 1488 343 1548 haud
359 1487 542 1554 dissideant,
555 1486 595 1544 'ot
612 1506 649 1544 ex
668 1487 806 1556 diverso,
830 1505 847 1544 a
870 1494 975 1544 nostro
989 1486 1168 1555 recedente,
1192 1506 1282 1565 quem
1300 1488 1354 1546 Pa·
1370 1519 1427 1532 -

148 1603 213 1653 tres
233 1596 330 1653 secuti
349 1602 433 1663 sunt,
456 1592 597 1668 loquendi
609 1610 683 1660 usu,
706 1602 757 1650 aut
774 1591 811 1649 ad
828 1592 950 1649 illorum
976 1599 1106 1650 montem
1131 1592 1294 1670 benignius
1314 1593 1411 1650 in·-

148 1699 363 1777 terprstanda,
386 1707 526 1756 autvero
542 1692 621 1774 ipsi,
652 1697 702 1755 ubi
725 1706 829 1774 aperte
858 1704 1017 1764 errarunt,
1048 1697 1240 1774 relinquendi
1265 1707 1404 1778 sont}

148 1823 216 1864 nam
234 1806 347 1882 singuli
365 1804 422 1862 SS.
444 1803 569 1860 Patrum
585 1818 772 1878 nequaquam
796 1801 974 1859 infallibiles
990 1811 1077 1872 sunt,
1100 1810 1133 1860 ut
1163 1802 1236 1860 alibi
1258 1811 1399 1862 oeten-
1416 1815 1462 1855 aa

148 1909 264 1979 dimus,
286 1909 447 1987 praecipue
462 1909 493 1966 in
516 1909 574 1975 iis,
598 1924 672 1983 quae
694 1923 752 1964 uon
770 1915 831 1964 tam
861 1925 900 1964 ex
918 1905 987 1964 lidei
1007 1905 1163 1982 deposito,
1191 1907 1224 1964 in
1250 1909 1407 1966 Euole-
1425 1920 1458 1957 ε

148 2016 196 2074 sia
211 2023 381 2085 asservato,
391 2032 478 2091 quam
492 2015 591 2090 potius
603 2030 641 2070 ex
657 2029 712 2069 sua
728 2017 828 2070 mente
844 2011 1031 2088 depromunt
1042 2009 1126 2085 Quod
1142 2020 1396 2072 tomeneorunr

146 2117 235 2176 fidem
261 2118 292 2175 in
318 2117 457 2195 dogmate
481 2125 590 2176 nostro
608 2114 786 2174 adtestando
811 2114 889 2173 hand
905 2117 1068 2182 imminuit,
1090 2115 1123 2174 ld
1138 2117 1219 2176 enim
1240 2125 1387 2176 uertunt
1442 2133 1460 2160 ¹·

146 2240 182 2281 ao
206 2223 336 2281 evictum
366 2230 431 2291 est,
454 2231 487 2279 ut
511 2241 548 2280 ex
565 2222 695 2279 lectione
720 2239 846 2296 operum
864 2221 925 2290 SS,
941 2224 1067 2280 Patrum
1087 2238 1122 2280 ao
1142 2221 1394 2300 Scriptorum„

147 2329 195 2405 qui
214 2334 284 2386 ante
299 2327 453 2402 synodum
470 2326 635 2412 Nloaanam
653 2326 815 2394 vixerunt,
838 2327 898 2384 imo
911 2326 976 2401 jam
997 2347 1036 2386 ex
1051 2327 1130 2386 loeis
1146 2344 1242 2403 supra
1253 2326 1453 2386 lauda--t

108 2450 110 2459 ·
145 2433 187 2491 tis
203 2433 329 2509 quilibet
343 2432 401 2490 sibi
424 2430 608 2508 persuadere
625 2432 817 2506 potentillae
834 2433 1038 2509 apertissimis
1056 2431 1163 2490 verbis
1180 2430 1455 2499 tradidissem*3

148 2536 302 2596 Christum
323 2553 392 2594 esse
415 2539 513 2594 Deum
532 2553 653 2605 verum,
677 2535 726 2612 qui
750 2536 819 2594 inde
837 2538 873 2594 ab
891 2546 1014 2596 aeterno
1036 2537 1165 2605 existit,
1188 2535 1347 2612 hypostasi
1369 2525 1457 2590 ii

148 2659 165 2699 a
188 2640 279 2699 Patre
305 2640 423 2716 quidem
446 2640 637 2708 distinctum,
669 2650 777 2700 natura
797 2650 897 2700 tauron
923 2660 957 2701 ao
981 2643 1151 2703 substantia
1173 2659 1245 2702 oum
1264 2643 1462 2702 Patres

147 2763 252 2817 unum,
276 2747 342 2822 pari
357 2763 392 2804 ao
406 2764 523 2804 summo
545 2747 626 2805 cultu
643 2765 710 2805 oum
727 2750 818 2806 Patre
838 2747 1032 2809 adoraudum.
1057 2748 1110 2807 sio

217 2851 256 2913 l.
280 2852 415 2910 nonnulli
437 2853 486 2910 SS
519 2852 643 2911 Patrum
675 2855 946 2913 hutenioaenorum
968 2858 1067 2914 Deum
1090 2855 1214 2913 Patrem
1243 2859 1393 2913 vocant!
1421 2850 1460 2900 1¹

144 2954 265 3027 uiator,
283 2959 414 3016 nonaum
435 2956 520 3018 tratti.
533 2961 723 3017 —Attamen
736 2960 795 3035 ipsi
818 2959 874 3017 sub
903 2960 998 3034 alren,
1021 2977 1138 3029 cuneo,
1161 2977 1222 3019 non
1243 2961 1395 3019 intelli-
1417 2948 1458 3006 ἰ·

122 3095 125 3100 ,
144 3070 234 3140 gunt,
259 3063 336 3140 quod
352 3081 408 3122 nos
426 3064 481 3122 sub
499 3063 663 3122 vernaculo
685 3060 801 3142 Utlntlpe
825 3065 1045 3142 intelligimus,
1067 3066 1221 3124 rationem
1237 3066 1392 3125 sollius!
1406 3061 1457 3110 tl

145 3177 302 3227 externam
317 3171 363 3228 rei
383 3168 509 3243 alicujus
534 3169 654 3235 finitae,
678 3169 731 3228 aed
744 3170 773 3228 id
785 3171 905 3246 ipsum,
928 3170 1003 3246 qnod
1022 3171 1098 3247 apud
1121 3188 1178 3228 nos
1198 3190 1253 3248 por
1268 3188 1382 3230 vooa-
1391 3180 1454 3220 Δ·

146 3274 236 3337 bula:
255 3275 463 3352 principium,
485 3278 567 3334 rotie
590 3276 799 3346 assistentiae,
822 3278 869 3337 'oet
887 3271 1037 3352 Quirini:
1060 3280 1125 3339 obet
1142 3270 1451 3355 <inilicitum-3·

145 3375 271 3450 braun,
296 3383 426 3458 exprimi
446 3381 603 3439 oonsuevit
624 3375 659 3460 ²).

227 3487 341 3546 Eodem
356 3505 449 3546 sensu
467 3485 657 3562 intelligendi
676 3486 721 3544 illi
744 3486 804 3544 viri
829 3495 917 3556 sunt,
942 3486 1056 3563 quaudo
1086 3480 1214 3547 Patrem
1239 3490 1445 3546 meton-

141 3608 211 3651 rem
237 3593 334 3670 lttttt,
365 3601 416 3651 aut
442 3609 516 3651 vero
537 3578 654 3660 eontra,
677 3590 796 3650 Filium
821 3611 841 3650 u
860 3595 957 3652 Patre
978 3595 1160 3663 causatum,
1189 3590 1330 3668 effatum
1393 3604 1439 3652 -·‚

143 3712 222 3770 optes
233 3694 362 3764 Patris,
384 3699 432 3755 vei
455 3695 593 3756 seeundo
621 3695 688 3755 heo
714 3694 901 3763 habendum,
932 3703 983 3753 aut
1013 3694 1136 3754 Patrem
1160 3688 1360 3771 meduan]
1392 3688 1435 3762 ³)

143 3797 263 3867 dieunt,
286 3801 393 3876 quibus
407 3801 545 3859 omnibus
563 3801 692 3869 nonnisi,
715 3801 822 3858 Filium
840 3819 857 3859 a
875 3802 967 3859 Patre
980 3800 1083 3878 gigni,
1106 3801 1230 3863 Patrem
1251 3811 1425 3862 autem

143 3905 209 3964 sine
224 3906 373 3982 principio
390 3924 477 3976 esse,
501 3907 676 3984 significare
690 3907 817 3987 volunt3
841 3906 1089 3984 quemadmodum
1112 3916 1157 3976 et,
1180 3909 1217 3984 ‘sl
1241 3909 1415 3967 utitur-1

143 4010 298 4095 voluntate
313 3997 416 4069 Patris
432 4017 536 4070 natum
550 4009 649 4084 ajunt,
673 4011 861 4072 solummodo
878 4014 1094 4074 nenessitatem
1118 4014 1241 4074 brutam
1259 4021 1400 4090 amu-e

142 4132 284 4183 coenam,
307 4115 324 4173 a
346 4108 502 4175 divinitate
525 4115 758 4187 abhorrentem,
792 4116 968 4184 exeludunt3
996 4137 1085 4196 quum
1104 4120 1249 4180 nimirum
1273 4107 1387 4178 until

176 4305 201 4362 ί)
219 4306 289 4354 Ado.
306 4304 410 4362 Ruffin.
427 4306 505 4361 Aput.
524 4306 552 4354 2.
570 4320 595 4354 o.
617 4307 665 4354 19.
685 4302 756 4368 Opp.
775 4304 809 4355 Τ.
829 4305 856 4357 2.
875 4318 900 4355 ο.
917 4306 968 4357 508
986 4319 1013 4357 ε.

175 4389 199 4456 ²)
217 4391 260 4443 ci.
279 4389 392 4442 Basil.
412 4393 487 4444 cont.
506 4394 622 4445 Eanum.
641 4397 660 4445 ἱ.
681 4399 705 4445 t.
724 4409 751 4445 n.
771 4396 822 4445 25.
841 4392 910 4460 opp.
928 4393 963 4445 Τ.
986 4396 1011 4446 1.
1030 4407 1058 4460 p.
1077 4396 1140 4447 236.
1159 4396 1193 4448 0.
1211 4426 1245 4436 -
1261 4397 1339 4451 Gre-

142 4481 320 4545 gor0Nan.
339 4483 383 4531 Or.
410 4484 460 4533 29.
487 4479 559 4547 0pp.
585 4480 619 4534 Τ.
639 4483 661 4531 t.
682 4494 706 4531 o.
726 4482 985 4539 una.n.-Joan.
1011 4484 1328 4542 namurcensem·
1443 4468 1460 4523 ⁵!

142 4573 208 4621 ortt.
227 4575 245 4622 t.
264 4575 293 4621 3.
311 4585 337 4622 o.
357 4573 386 4621 ὅ.
406 4569 476 4636 Opp.
494 4570 527 4621 Τ.
547 4572 571 4624 1.
590 4585 616 4635 p.
634 4573 695 4623 210.
1426 4554 1450 4613 *t

174 4648 199 4737 Β)
218 4657 261 4715 Gi.
278 4658 442 4738 origen.
463 4662 562 4718 Coram,
578 4661 609 4713 io
624 4661 708 4714 Jooo.
725 4668 745 4718 t,
764 4665 792 4718 2.
810 4677 838 4714 s.
856 4665 884 4715 2.
902 4660 974 4735 opp.
993 4662 1028 4715 Τ.
1039 4660 1070 4715 d·
1089 4674 1119 4736 p.
1137 4665 1183 4723 bt),
1435 4658 1447 4701 l

1421 4738 1445 4781 Ἴ
