2926 5168
119 393 288 467 potest«.
304 379 360 446 Sic
382 379 510 465 quidem
531 378 667 443 sumitur
688 378 823 444 libertas
851 398 949 442 sensu
970 377 1085 445 latiori.
1116 377 1339 445 Senon-euim

124 486 280 552 strictiori
302 484 437 550 libertas
459 495 511 549 est
530 487 729 568 potestlas
752 485 977 548 secundum
997 483 1191 550 rationis
1207 484 1338 552 dic-ta·

123 591 229 656 mina
251 591 300 656 ad
322 590 525 678 agendum
548 608 690 674 seper
712 588 988 672 semetipsum
1010 589 1341 655 determinandi.

121 697 229 761 Sensit
252 694 461 761 strictissimo
483 706 590 759 autem
607 705 659 759 est
675 693 744 757 vis
765 695 1118 779 praeponderans
1140 706 1338 760 cous-tan·

120 810 186 864 ter
200 811 335 879 ‚recte
355 798 525 888 agendi.
548 799 620 878 Quo
646 819 746 864 sensu
766 799 901 863 libertas
922 819 944 862 a·
963 798 1135 864 sanctitate
1158 810 1193 864 et
1213 798 1338 864 virtute

120 927 184 970 non
212 904 465 990 differt,‚atrp1e
496 903 593 970 etiam
632 905 815 969 libertas
844 903 1109 969 Christiana
1140 902 1335 990 adpellatur.

122 1009 173 1074 De
202 1009 256 1074 illa
283 1009 424 1095 lorpritur
450 1008 652 1083 Christus
680 1009 906 1087 Dominus,
935 1009 990 1073 uhi
1013 1009 1074 1073 ait:
1105 1015 1140 1072 Si
1169 1029 1249 1085 erpo
1280 1031 1337 1073 vos

122 1117 231 1179 tisino
252 1119 445 1189 liberaverit,
467 1137 563 1178 esre
584 1120 707 1177 liberi
728 1120 818 1179 eritis
840 1114 874 1198 ¹).
896 1113 933 1177 E.
948 1113 1133 1186 contrario,
1156 1113 1210 1198 qui
1235 1119 1338 1179 scele-

121 1219 211 1284 ribus
231 1219 386 1307 indulget,
409 1219 558 1285 libertate
580 1220 642 1285 hoc
664 1240 762 1284 seusu
786 1219 980 1292 destitutus,
1004 1237 1062 1281 seu
1081 1239 1197 1282 sames
1215 1226 1339 1300 peceati

121 1325 304 1390 declaratur
327 1323 365 1409 ²).
385 1323 566 1408 Propterea
589 1325 685 1389 etiam
706 1324 822 1411 religio
845 1323 1070 1388 Christianae
1104 1325 1126 1388 J
1133 1325 1261 1391 acoho
1283 1332 1340 1388 len

118 1435 264 1510 perfecto
285 1435 441 1493 libertatis
462 1429 650 1513 vocatur³).
672 1431 707 1493 ln
725 1431 830 1511 Deum
853 1429 960 1514 itaque
975 1429 1133 1492 translata
1155 1428 1339 1494 libertas

120 1533 199 1597 illa
220 1544 290 1597 est
310 1533 534 1619 perfectio,
557 1553 631 1618 qua
652 1533 742 1618 ipse
764 1533 804 1597 in
828 1554 902 1597 sua
924 1533 1128 1598 efficacia
1150 1534 1201 1597 ab
1226 1535 1338 1599 omni

122 1637 432 1722 impedimento
454 1650 580 1723 atque
603 1639 708 1704 omni
737 1638 953 1704 violentia
979 1658 1027 1703 ac
1055 1638 1338 1705 necessitate

121 1763 302 1826 prorsus
322 1742 538 1817 immunis,
571 1745 807 1809 secundum
830 1764 945 1808 suam
966 1742 1341 1827 sapientissimam

121 1846 407 1936 cognitionem
428 1870 498 1933 per
519 1849 789 1933 semetipsum
812 1860 1006 1914 actuosus
1027 1859 1102 1922 est,
1124 1847 1143 1913 i.
1162 1869 1194 1915 e.
1212 1851 1286 1915 vult
1308 1863 1341 1916 et

121 1951 198 2038 agit,
221 1951 296 2037 quia
317 1963 471 2016 actuosus
493 1972 579 2027 esse,
603 1974 662 2018 seu
683 1954 767 2017 velle
790 1965 824 2017 et
845 1973 947 2034 agere
968 1953 1046 2018 vult.
1138 2014 1141 2019 .

204 2056 356 2121 Libertas
392 2057 491 2131 haec,
520 2078 604 2142 quae
633 2057 833 2123 solummodo
873 2060 914 2122 ad
949 2057 1127 2136 efficaciam
1158 2057 1341 2124 voluntatis

122 2161 248 2228 divinae
269 2161 430 2235 refertur,
458 2180 658 2248 nequaquam
688 2173 795 2227 autem
817 2164 857 2226 ad
888 2174 980 2227 actus
998 2162 1071 2226 illos
1091 2161 1268 2238 internos,
1296 2165 1343 2228 uti

121 2279 196 2332 sunt
215 2269 288 2350 ipsa
310 2265 484 2330 existentia
496 2267 572 2342 Dei,
594 2288 693 2352 porro
715 2267 884 2352 generatio
899 2267 984 2341 Filii,
1005 2285 1067 2331 nec
1083 2286 1147 2330 nou
1163 2269 1341 2350 processio

121 2393 180 2437 seu
203 2369 347 2454 ἕκπεμψις
369 2371 512 2455 Spiritus
534 2373 580 2445 S„
602 2371 992 2455 moralis-adpellatur,
1022 2382 1119 2455 atque
1141 2391 1161 2458 a
1182 2370 1337 2437 libertate

122 2475 412 2561 metaphysica
444 2460 669 2562 distinguitur,
701 2476 760 2539 sub
791 2495 853 2561 qua
879 2475 956 2540 nihil
985 2476 1088 2552 atiud,
1122 2474 1340 2559 quominus·

121 2580 295 2666 pendentia
324 2582 472 2645 absoluta
501 2600 560 2644 seu
590 2579 728 2643 asscitus
759 2579 969 2666 intelligitur,
1000 2601 1063 2665 qua
1089 2581 1185 2647 Deus
1218 2583 1343 2649 nemini

122 2685 292 2771 quidquam
316 2686 428 2758 dehet,
451 2697 484 2748 et
505 2685 610 2749 omnis
632 2705 710 2748 suae
735 2684 823 2748 vitae
846 2683 1077 2770 efficaciaeque
1098 2687 1225 2751 fontem
1247 2687 1283 2753 in
1304 2707 1341 2750 se

122 2791 195 2877 ipso
217 2790 330 2859 habet..
1018 2870 1020 2875 s
1103 2876 1106 2880 ⁴

205 2901 393 2960 Libertatem
415 2901 564 2958 moralem·
584 2900 614 2956 iu
636 2901 702 2957 Deo
724 2900 847 2986 negavit
869 2907 948 2958 teste
970 2899 1160 2960 Tertulliano
1182 2900 1342 2962 Hermo-

122 3024 263 3085 genes,
294 3007 341 3065 cui
373 3005 542 3065 assentiunt
571 3003 836 3063 Pantheistae
865 3006 1054 3082 antiquiores
1085 3015 1116 3065 et
1147 3009 1341 3069 recentiores

123 3131 238 3173 omnes.

206 3212 313 3276 Deum
343 3212 491 3276 absolute
518 3213 670 3286 liberum,
702 3211 863 3298 nullisque
892 3233 1029 3296 prorsus
1059 3212 1198 3279 stimulis
1225 3213 1342 3299 quihus

122 3318 154 3383 iu
176 3338 236 3383 sua
259 3317 406 3383 efficacia
428 3316 586 3382 alliciatur
608 3330 663 3382 aut
683 3329 858 3394 terreatur,
881 3317 1057 3383 obnoxium
1080 3339 1195 3395 esse„

247 3424 283 3489 Α.
305 3423 368 3487 88.
390 3422 644 3487 Litterarum
667 3424 800 3487 oracula
818 3422 1015 3509 praedicant
1038 3422 1233 3508 cujusmodi
1251 3435 1338 3488 sunt:

208 3550 235 3593 a.
259 3532 373 3593 Omrsia
395 3549 661 3612 quaecunque
682 3530 831 3609 soluit,
852 3531 1010 3592 Dominus
1026 3533 1110 3609 feeit
1127 3532 1164 3592 irs
1184 3533 1287 3611 coelo,
1309 3535 1342 3594 et

123 3641 159 3699 irs
179 3642 278 3708 terra,
299 3638 334 3695 irs
353 3635 447 3706 mari,
470 3640 502 3694 ei
520 3639 556 3695 in
575 3639 721 3695 omnihus
743 3635 870 3712 edyssa
888 3636 935 3713 ⁴).
957 3669 997 3682 —-
1018 3640 1111 3697 Haec
1132 3638 1243 3698 omnia
1264 3655 1335 3717 ope·

122 3747 216 3802 ratur
234 3759 330 3813 unua,
346 3745 442 3818 atque
456 3739 537 3800 idem
551 3738 705 3818 Spiritus,
727 3740 875 3801 maidens
887 3741 1038 3818 εἰπμιιὶἑε,
1057 3747 1185 3818 prout
1201 3741 1290 3803 vult
1300 3737 1332 3823 ⁸).

124 3881 164 3894 -
198 3844 356 3925 Operatur
389 3846 495 3918 omnin
525 3844 796 3907 secandum
829 3846 1063 3908 eonsilium
1091 3847 1330 3909 uoluntatis

122 3969 222 4012 saue
242 3956 283 4025 t).
312 3946 408 4026 Quod
439 3945 523 4011 euim
553 3968 595 4011 ex
616 3948 752 4012 consilio
782 3948 958 4013 voluntatis
979 3968 1176 4035 operamur,
1209 3970 1275 4014 nou
1293 3967 1388 4024 ex:

158 4161 184 4230 ¹)
203 4166 286 4217 Joaa.
304 4164 331 4223 8,
348 4165 392 4216 36.
413 4162 456 4216 ct.
475 4167 499 4216 t.
517 4165 599 4217 Petr.
617 4165 644 4226 2,
663 4167 705 4216 to.

156 4251 283 4320 ²)Joau.
301 4256 326 4319 8,
344 4255 389 4307 aa.

157 4335 183 4407 ³)
202 4344 266 4395 lae.
286 4345 310 4403 t,
328 4345 370 4394 et.

157 4429 184 4499 ⁴)
202 4433 254 4484 ss.
276 4435 332 4494 tat,
350 4433 375 4482 6.
393 4434 435 4486 Cf.
452 4433 542 4499 Apoe.
560 4433 586 4497 lt,
606 4435 647 4487 tt.

159 4519 183 4584 ⁵)
203 4524 228 4573 t.
248 4522 312 4574 Cor.
333 4523 374 4583 tt,
394 4525 436 4574 tt.

159 4602 184 4674 ⁶)
202 4609 308 4676 Ephes.
327 4613 351 4671 t,
371 4612 412 4664 tt.
