2926 5168
1220 133 1283 198 409

70 299 269 361 cubitantiae
284 298 363 372 eine,
382 302 644 375 portansque
662 291 800 353 omnia
819 287 944 350 cerlo
965 288 1146 351 rirtntie
1166 308 1283 370 onae,

67 406 291 487 amantiorem
304 409 508 484 peccatorum
518 401 667 476 faciens,
689 398 780 460 cedet
794 395 839 457 ml
853 401 1023 455 dexteram
1049 396 1230 474 mojeetatie
1250 399 1284 458 in

70 512 210 572 excelcis
232 516 270 584 ¹).

150 615 182 682 l).
205 615 311 678 Deum
333 633 432 697 porro
455 634 542 686 esse,
566 611 619 696 qui
641 609 776 692 singulis
797 607 897 671 rebus
919 602 1040 668 orontis
1053 603 1278 671 subministret

70 741 150 806 quoe
169 720 210 784 od
224 719 429 784 existendum
446 718 611 803 ipsissunt
630 714 826 781 necessario.
854 712 949 792 Quod
965 709 1098 794 pulchre
1121 712 1280 797 eloquitur

67 824 313 899 Psalmista,
336 846 432 910 quum
451 825 555 890 coniti
589 824 672 899 Oui
699 823 858 885 emittit
876 822 1021 895 fontei
1042 822 1086 879 in
1108 823 1277 883 conval

66 935 192 995 tilae:
213 935 329 994 inter
350 934 523 993 medinm
543 932 738 992 montium
762 925 1100 1007 pertransibant
1136 947 1282 1007 aquae.

65 1039 281 1100 Potabnnt
299 1057 441 1099 omnee
462 1038 632 1098 lectiae
654 1038 767 1110 ayri:
789 1030 1108 1111 exspectabunt
1132 1039 1285 1109 oncari

67 1149 109 1205 in
130 1147 207 1205 citi
234 1162 321 1204 ecca.
349 1143 517 1220 Iliacae
552 1150 704 1203 monteo
733 1139 778 1199 cle
807 1138 1110 1217 copertorium
1132 1133 1283 1218 (nubibus

65 1244 247 1330 videlicet):
271 1253 320 1307 de
345 1247 493 1319 fracta
521 1266 687 1326 operam
718 1249 887 1304 tuorum
919 1238 956 1316 (i.
980 1258 1009 1302 e.
1048 1237 1101 1321 qui
1132 1243 1281 1324 provenit

66 1373 166 1438 opera
199 1351 278 1435 tun]
317 1354 560 1415 entialiter
588 1363 725 1414 terrac
750 1349 995 1430 proclnccnr
1020 1348 1282 1426 foennmja-

66 1464 230 1536 meretis,
253 1464 292 1519 et
310 1459 474 1518 llerbam
494 1462 700 1520 cercilnti
716 1463 793 1532 (sen
804 1448 1043 1531 servientibus)
1065 1450 1282 1518 hominnm.

64 1561 300 1626 —Omniaa
317 1568 352 1623 te
370 1567 649 1640 eaopectant,
672 1569 718 1622 nt
739 1567 815 1621 deo
835 1559 936 1621 illie
958 1577 1099 1619 cecam
1120 1560 1161 1618 in
1183 1567 1282 1621 tem-

62 1688 171 1744 pore.
194 1668 328 1729 Dante
350 1678 388 1729 tc
410 1668 536 1746 illio,
558 1669 783 1740 colliqenl:
807 1667 1033 1743 aperiente
1056 1668 1094 1723 tc
1125 1682 1284 1726 mannm

65 1780 197 1851 taam,
222 1773 358 1833 omnia
379 1772 659 1850 implebantur
682 1771 895 1846 bonitate,
918 1766 937 1830 i.
961 1787 988 1830 e.
1011 1766 1103 1830 bonis
1116 1813 1128 1848 ,
1153 1767 1282 1832 scilicet

65 1873 235 1939 alimentis.
267 1879 504 1940 Aoertcnte
535 1882 672 1938 antem
702 1886 742 1937 te
767 1879 941 1955 lactem,
964 1875 1277 1936 tnrbabuntur:

65 1981 248 2054 anfereo
269 1983 465 2060 spiritam
499 1999 659 2055 eorum,
690 1984 728 2039 ct
754 1978 979 2058 deficient,
1002 1980 1105 2038 etin
1134 1959 1283 2055 antae·

61 2105 145 2147 rem
161 2104 277 2162 enam
292 2091 573 2146 revertentur.
587 2091 615 2146 Ε
623 2089 753 2144 mittes
767 2079 1184 2165 spiritum(i.e.helitum
1194 2093 1284 2146 tuum

71 2186 308 2271 vivificantem)
338 2195 426 2251 tnnm
459 2195 498 2250 ct
517 2191 791 2250 creabantur:
812 2197 851 2250 et
868 2190 1105 2250 renovatio
1122 2191 1285 2266 facicm

61 2305 207 2356 terrae
228 2298 265 2372 ²).
284 2293 359 2358 Neo
375 2313 437 2356 non
452 2304 565 2356 anoton·
587 2292 701 2366 Jobi,
724 2313 818 2377 quum
839 2292 904 2357 ait:
930 2292 1034 2367 Ouio
1053 2301 1289 2372 praeparat

60 2420 190 2462 carno
212 2420 349 2463 eccam
370 2421 496 2472 onam,
520 2402 646 2482 meando
663 2401 743 2479 palli
762 2403 837 2475 cjac
856 2399 997 2460 clamant
1017 2401 1061 2457 aa
1079 2397 1201 2471 Deam,
1223 2419 1283 2462 aa·

57 2510 193 2581 cantes,
215 2524 251 2566 co
269 2505 356 2586 qrcml
372 2525 437 2566 non
452 2505 590 2566 labeant
606 2507 692 2564 citior
706 2503 759 2578 ⁸).⁹
779 2501 816 2564 ld
841 2500 949 2585 ipsum
976 2498 1162 2564 edisserunt
1184 2503 1285 2566 verba

64 2607 309 2692 Sapientis,
342 2608 456 2693 quibus
492 2608 597 2672 omnia
639 2608 709 2672 sine
738 2607 930 2691 exceptione
972 2605 1078 2670 Deum
1108 2625 1187 2671 euro
1225 2629 1284 2672 suo
1361 2621 1364 2626 ’

64 2712 237 2798 complecti
264 2714 376 2779 docet:
402 2720 556 2789 thoniam
594 2714 764 2795 pocillum,
796 2724 828 2777 et
851 2733 1003 2790 maenam
1027 2717 1096 2792 ipre
1118 2717 1216 2794 fecit,
1248 2723 1280 2777 ct

64 2821 241 2901 ae'qnaliter
264 2841 365 2882 cura
386 2833 450 2884 eet
469 2823 540 2884 illi
562 2822 609 2882 de
629 2825 823 2883 omnious
846 2818 882 2902 ⁴).
906 2817 1058 2882 Omnium
1079 2829 1187 2881 entem
1210 2819 1275 2902 pnl-

65 2924 227 2990 cherrime
252 2923 464 2989 Christus
486 2927 693 2990 Dominus
724 2925 795 3010 ipse
822 2920 1003 2987 doctrinam
1028 2923 1068 2985 de
1096 2921 1203 2986 divino
1232 2944 1281 2987 re·

64 3051 137 3093 rum
153 3027 293 3092 omnium
312 3049 389 3092 cure
411 3029 450 3092 ob
479 3034 591 3094 oculos
613 3029 721 3114 ponit,
756 3050 853 3114 quum
877 3027 939 3093 oitt
961 3028 1013 3090 Ne
1042 3029 1173 3090 solliciti
1210 3033 1284 3092 citio

14 3160 17 3165 ·
65 3140 193 3198 animae
210 3134 242 3218 (l.
265 3154 294 3197 e.
310 3132 414 3205 vitae)
438 3147 572 3206 vestrae,
588 3138 893 3218 qaidmandncetic;
914 3154 1018 3217 neque
1029 3139 1153 3211 corpori
1163 3145 1282 3215 centro,

65 3246 143 3323 quta
157 3241 348 3304 induamini.
372 3240 488 3302 Nonne
499 3245 689 3318 animantur
708 3251 774 3314 eet,
797 3260 893 3322 qnam
911 3260 1004 3301 ecca:
1025 3246 1182 3316 etcorpno
1195 3247 1280 3319 plne,

66 3365 164 3424 quam
180 3345 424 3406 vestimentum?
448 3345 605 3422 Respicite
621 3344 761 3406 volatilia
778 3345 859 3406 coeli
867 3389 881 3425 ‚
904 3347 1052 3427 qnoniam
1067 3364 1131 3406 non
1151 3352 1274 3418 cernent,

64 3468 169 3527 necne
189 3455 325 3520 metant,
355 3468 460 3531 neque
483 3460 680 3528 conareqcnt
704 3453 739 3510 in
770 3454 908 3514 norrea:
940 3457 973 3512 ct
989 3455 1114 3512 Pater
1134 3456 1282 3511 center

65 3554 285 3616 coelestio
302 3558 449 3633 poenit
467 3555 557 3620 illa.
581 3555 984 3634 Nonnccoomaaiaplnrie
999 3554 1175 3617 cellcillin?
1201 3554 1283 3629 oute

66 3666 172 3724 antem
189 3664 329 3720 acetrum
348 3663 493 3737 coqitanc
508 3665 614 3739 potest
626 3661 768 3739 adjicere
789 3661 834 3720 ad
846 3666 1005 3722 staturam
1031 3680 1125 3722 cnam
1145 3662 1282 3722 cubitum

66 3763 193 3826 annm?
213 3768 258 3825 El
271 3763 308 3823 dc
326 3766 532 3836 vestimento,
555 3768 634 3845 qnid
666 3765 797 3826 solliciti
829 3765 932 3825 cotio?
967 3765 1177 3828 Considerate
1211 3767 1280 3827 lilia

65 3872 138 3944 cari
156 3868 310 3950 quomodo
325 3873 492 3930 crescunt:
514 3886 579 3928 non
592 3867 754 3938 laborant,
776 3887 880 3951 nemcc
896 3881 984 3938 nent.
1007 3871 1086 3946 Dico
1104 3877 1208 3932 antem
1224 3891 1282 3932 ao·

65 3977 130 4045 bie.
153 3974 305 4054 qnoniam
319 3990 378 4033 nec
392 3973 542 4033 Salomon
560 3974 595 4030 in
624 3975 709 4033 omni
726 3971 831 4047 cloria
854 3993 917 4036 ona
939 3984 1103 4052 coopertae
1125 3983 1175 4036 eol
1197 3978 1283 4036 sicut

66 4096 166 4139 unum
185 4096 230 4137 ec
250 4079 335 4139 istie.
365 4079 401 4137 Si
422 4081 558 4136 antem
580 4079 753 4149 faenum
775 4081 888 4155 cyri,
911 4085 1028 4159 qnod
1048 4081 1171 4141 tonte
1193 4089 1279 4150 eet,

66 4190 107 4244 et
124 4202 223 4243 cras
244 4185 286 4242 in
308 4181 518 4244 clibanum
538 4184 741 4259 mittitur,
763 4183 879 4246 Deae
900 4188 962 4243 etc
982 4187 1137 4247 acatii:
1159 4202 1279 4266 qaan-

103 4334 112 4369 ¹
144 4329 233 4381 Hebe.
254 4333 278 4392 t,
298 4332 323 4381 ³.

100 4330 127 4482 'l
144 4419 196 4470 Po.
216 4421 273 4481 103,
295 4418 404 4472 to-tl.
423 4419 532 4469 27-30.
553 4417 596 4470 ct.
615 4417 663 4475 Pe.
678 4417 744 4472 tto.
762 4419 831 4470 s-o
857 4419 901 4477 lt.
921 4420 947 4473 1.
964 4419 1007 4481 ot,
1027 4422 1052 4473 l.

101 4500 128 4572 ³)
147 4507 211 4560 Job.
229 4509 273 4571 38,
291 4509 334 4559 m.

104 4593 131 4665 ⁴)
148 4597 214 4664 Sep.
232 4599 259 4660 o,
276 4597 303 4653 8.
322 4596 365 4651 ct.
385 4598 428 4660 12,
448 4597 490 4649 13.
