2926 5168
135 216 156 281 l

134 365 231 430 tionis
254 363 359 429 stadio
376 361 525 440 vivimus,
549 363 697 428 meritum
719 361 795 429 fidei
816 364 899 429 haud
920 365 1113 432 destruatur.
1132 367 1342 456 xQuapropter

136 469 314 557 speculatio
328 469 515 535 humilitatis
533 491 664 534 sensum
682 469 834 537 comitem
854 492 1013 558 nunquam
1030 494 1093 537 non
1111 474 1236 547 lrabeat,
1260 497 1341 561 quae

134 574 227 639 radix
244 594 282 639 ac
298 573 371 639 fons
384 575 431 639 uti
446 575 550 642 omnis
575 575 727 651 virtutis,
756 573 801 638 ita
824 589 856 641 et
873 575 949 640 fidei
969 589 1028 652 est,
1052 577 1208 665 simulque
1226 602 1286 644 nos
1301 582 1341 644 ab

134 678 304 743 insolentia
319 678 373 744 illa
385 691 503 754 tuetur,
519 703 579 767 qua
599 692 812 762 autumamus,
833 703 947 746 omnes
964 683 1130 769 hucusque
1148 684 1180 748 in
1197 685 1341 749 tenebris

132 783 281 849 inscitiae
301 784 439 860 sedisse,
461 798 555 870 atque
572 785 664 848 nobis
680 784 809 848 tandem
823 796 889 848 tam
901 785 1047 851 felicibus
1061 809 1136 852 esse
1150 790 1341 876 contigisse,

134 889 187 973 qui
202 910 316 953 verum
335 890 441 953 lumen
461 890 618 954 scientiae
639 888 709 952 orbi
727 889 920 954 caecutienti
938 889 1118 957 afferamus.

215 993 363 1080 Denique
398 995 584 1082 Theologia
613 993 797 1083 dogmatica
814 994 991 1058 sententias
1012 995 1157 1083 singulas
1175 998 1266 1082 justo
1290 1021 1340 1063 or·

133 1096 206 1163 dine
226 1099 375 1184 disponit,
399 1098 482 1163 etin
503 1109 647 1182 systema
665 1097 794 1185 redigit,
817 1109 915 1184 prout
937 1097 968 1161 id
989 1099 1113 1183 pariter
1130 1100 1255 1165 indoles
1280 1102 1341 1168 sci·

133 1203 238 1291 entiae
268 1203 380 1292 exigit.
413 1205 464 1267 Ad
488 1204 572 1291 quod
605 1201 840 1295 conficiendum
866 1215 974 1268 tamen
1002 1225 1065 1268 non
1089 1198 1282 1292 requiritur,
1306 1219 1343 1271 ut

66 1304 67 1307 '
133 1329 245 1372 omnes
267 1309 422 1373 veritates
435 1307 512 1373 fidei
528 1312 693 1374 revelatae
716 1327 758 1374 ex
776 1332 840 1374 uno
859 1311 1017 1398 principio
1041 1311 1246 1387 deriventur;
1276 1314 1341 1378 tale

131 1412 214 1478 enim
239 1413 428 1499 principium
446 1413 478 1479 in
508 1416 593 1480 nulla
625 1415 761 1482 scientia
788 1416 897 1492 datur,
929 1415 1000 1502 ipsa
1026 1418 1164 1482 mathesi
1196 1441 1258 1483 non
1286 1438 1341 1483 ex·

130 1530 233 1605 cepta,
258 1534 291 1587 et
308 1523 382 1587 idco
401 1542 440 1586 eo
459 1521 564 1610 magis
584 1522 615 1585 in
645 1521 780 1587 scientia
799 1521 883 1585 haud
903 1542 993 1586 mere
1015 1522 1158 1598 formali,
1182 1525 1240 1587 sed
1261 1526 1341 1588 reali

129 1627 250 1692 frustra
279 1627 449 1714 quaeritur.
485 1627 608 1692 Verum
634 1628 741 1717 magis
774 1624 908 1689 σκελετόν
928 1626 1012 1691 illius
1041 1647 1085 1690 ex
1113 1639 1227 1691 natura
1244 1650 1339 1716 argu·

128 1733 228 1798 menti
244 1732 431 1818 disciplinae
450 1743 595 1810 nostrae,
618 1734 671 1797 vel
689 1733 797 1819 potius
809 1732 935 1796 illarum
950 1754 1070 1809 rerum,
1093 1734 1133 1797 ad
1156 1754 1235 1818 quas
1256 1734 1341 1798 veri·

128 1850 215 1903 tates
240 1839 315 1905 fidei
337 1839 543 1915 referuntur,
566 1860 628 1902 non
652 1839 778 1903 aliunde
799 1848 988 1923 repetatur;
1004 1858 1105 1925 quum
1128 1838 1253 1902 nonnisi
1275 1840 1340 1903 tale

130 1957 291 2031 systema,
315 1955 428 2030 utpote
460 1946 491 2009 in
521 1946 594 2031 ipsa
628 1966 665 2010 re
702 1945 888 2020 fundatum,
922 1965 995 2010 cum
1029 1945 1131 2008 hacce
1163 1943 1340 2009 convenire

33 2108 35 2112 .
127 2051 239 2137 possit

606 2228 634 2298 §-
654 2215 693 2290 lt.
715 2217 852 2289 Finis.

209 2376 318 2452 Finis,
341 2395 437 2464 quem
459 2374 645 2462 Theologia
667 2374 853 2463 dogmatica
877 2373 938 2437 sibi
960 2371 1130 2460 praefixum
1153 2371 1266 2448 habet,
1297 2394 1340 2437 ex

127 2480 222 2548 dictis
244 2503 308 2546 non
331 2492 382 2544 est
405 2479 496 2555 alius,
515 2500 608 2565 quam
631 2491 666 2542 ut
686 2500 745 2563 per
767 2477 855 2542 illam
876 2478 1042 2542 doctrinae
1065 2477 1253 2543 Catholicae
1277 2479 1339 2542 cla·

125 2609 216 2663 ram,
248 2598 372 2652 certam
394 2605 433 2650 ac
455 2584 601 2650 omnibus
624 2583 768 2648 numeris
791 2584 969 2648 absolutam
990 2583 1210 2672 cognitionem
1233 2583 1339 2648 nanci-

126 2711 266 2770 scemur,
292 2704 387 2780 atque
408 2691 510 2756 hacce
532 2691 602 2775 ipsa
625 2691 706 2755 fides
729 2701 840 2754 nostra
862 2689 987 2754 firmior
1014 2709 1051 2753 ac
1075 2687 1242 2753 efficacior
1266 2709 1339 2752 eva·

127 2801 198 2875 dat,
234 2819 291 2864 seu
308 2809 359 2880 ,ut
389 2797 551 2863 credendo
572 2795 812 2883 intelligamus,
844 2806 877 2857 et
906 2792 1117 2880 intelligendo
1149 2791 1273 2858 firmius
1302 2813 1341 2858 ac

127 2904 291 2972 efficacius
323 2904 513 2978 credamus,
544 2901 654 2988 sicque
678 2921 716 2964 eo
745 2899 890 2985 aptiores
911 2898 1002 2962 verbi
1034 2897 1130 2962 divini
1156 2917 1341 2982 praecones

126 3015 313 3078 evadamus.
353 3008 497 3074 Scientia
528 3007 612 3072 enim
645 3018 677 3069 et
712 3006 795 3070 fides
829 3025 866 3068 se
904 3024 1104 3089 nequaquam
1139 3003 1254 3066 tollunt
1286 3016 1341 3067 aut

126 3129 288 3193 evertunt,
311 3117 369 3181 sed
393 3126 503 3180 mutuo
526 3115 678 3198 adjuvant
699 3132 738 3176 ac
759 3120 969 3196 promovent,
1000 3120 1037 3173 ut
1059 3129 1102 3172 ex
1124 3128 1222 3194 supra
1245 3108 1341 3174 dictis

125 3222 297 3311 colligitur,
320 3232 354 3286 et
376 3240 454 3285 mox
478 3219 622 3284 dicendis
644 3215 751 3306 magis
773 3215 878 3280 adhuc
901 3213 1033 3299 patebit.

124 3400 152 3469 a.
177 3393 212 3462 5.
235 3387 440 3461 §aientia
467 3389 513 3457 et
535 3386 664 3462 fides,
687 3400 939 3469 eurumque
961 3382 1118 3450 mutua
1141 3380 1200 3450 ad
1223 3379 1342 3452 invi·

589 3507 689 3559 cem
710 3486 887 3558 relatio.

208 3649 414 3725 seientia,
438 3658 596 3734 quatenus
620 3645 661 3709 ad
679 3643 859 3708 doctrinam
881 3638 957 3704 fidei
974 3637 1164 3705 Catholicae
1185 3639 1342 3719 refertur,

123 3781 167 3827 ex
181 3778 278 3844 supra
300 3755 483 3843 disputatis,
502 3750 622 3836 duplex
644 3761 705 3822 est,
726 3748 788 3812 alia
809 3743 1032 3812 historica
1054 3765 1127 3810 seu
1145 3758 1341 3828 externa,

123 3866 186 3930 alia
215 3860 496 3950 speculativa
519 3877 593 3922 seu
624 3856 802 3924 interna.
829 3852 925 3918 Prior
956 3852 1134 3915 secundum
1166 3872 1226 3928 ea,
1259 3875 1341 3940 quae

121 3969 241 4035 ibidem
264 3967 349 4033 dicta
371 3978 463 4043 sunt,
481 3973 547 4027 ‘est
567 3962 640 4039 illa,
673 3983 735 4048 qua
756 3981 799 4025 ex
820 3956 1022 4046 argumentis
1045 3955 1190 4021 externis
1213 3978 1274 4022 seu
1296 3960 1342 4025 hi·

124 4074 255 4141 storicis
276 4071 412 4137 tirmiter
435 4090 474 4135 ac
496 4067 672 4134 indubitate
695 4085 888 4152 persuasum
909 4061 1078 4147 habemus,
1100 4059 1204 4144 primo
1222 4063 1341 4130 doctri-

121 4202 195 4245 nam
216 4179 292 4245 lidei
317 4174 498 4268 generatim
520 4184 700 4260 spectatam
722 4168 875 4236 divinitus
899 4187 974 4232 esse
996 4167 1195 4241 revelatam,
1225 4179 1259 4231 et
1280 4190 1342 4254 per

123 4286 229 4351 omnia
258 4284 390 4352 saecula
417 4281 450 4349 in
480 4279 633 4346 Ecclesia
663 4275 846 4351 Catholica,
877 4296 896 4338 a
922 4270 1046 4356 Spiritu
1069 4273 1103 4335 S.
1123 4270 1285 4336 illustrata
1308 4266 1344 4339 el

123 4392 268 4467 directa,
289 4391 451 4478 integram
474 4407 512 4453 ac
534 4386 687 4451 illibatam
710 4379 919 4454 conservari,
942 4392 1038 4463 atque
1058 4375 1173 4441 deinde
1193 4376 1344 4464 singulas

123 4494 301 4563 sententias
334 4493 523 4582 speciatim,
546 4511 626 4578 quae
643 4487 737 4555 nobis
760 4484 941 4550 credendae
964 4481 1004 4546 ab
1025 4481 1081 4546 illa
1102 4494 1342 4567 proponuntur,

124 4621 167 4668 ex
179 4599 376 4666 revelatione
391 4597 500 4664 divina
511 4594 661 4662 derivari.
683 4591 827 4658 scientia
840 4611 919 4655 vero
937 4588 976 4652 in
986 4600 996 4652 t
1007 4607 1104 4653 erua
1120 4606 1178 4650 seu
1197 4607 1242 4672 sp
1253 4607 1270 4652 e
1281 4608 1300 4683 c
1310 4609 1342 4652 u·
