2926 5168
121 393 245 458 statuit:
272 396 362 468 Quod
374 414 437 458 uon
454 401 597 474 oporteat
613 390 842 477 (cenesaeos)
860 397 1042 458 Ecclesiam
1052 398 1114 459 Del
1128 400 1326 482 relinquere,

74 506 85 512 “
121 497 152 565 el
177 502 282 573 obire,
304 507 399 582 atque
422 500 558 576 Anytus
577 505 757 578 nondum,
772 506 804 561 et
826 504 1229 585 conqueyutiousssaccrc5
1245 524 1327 586 quae

120 607 288 667 interdictu
305 612 488 666 evacuetur.
520 609 556 668 Si
576 610 649 684 quis
665 608 764 683 iqitur
782 611 932 667 iuuentus
954 610 1060 685 fuerit
1088 608 1162 669 huic
1184 611 1328 672 occssltue

120 711 319 773 idololatriae
338 713 490 782 cemicas,
511 714 556 772 sit
570 711 740 772 aumlema
749 730 763 788 ,·
785 715 860 791 quta
876 712 1066 793 derelinquit
1083 714 1251 776 Dominum
1270 735 1326 778 uo·

122 827 222 878 sarton
236 816 350 876 Jesum
371 815 534 877 Christum
557 817 658 895 fillum
686 819 754 888 Dei,
777 822 809 876 et
829 836 866 876 se
880 816 1077 879 idololatriae
1095 820 1231 882 tradidit.
1254 816 1328 896 Quo

122 939 245 985 canone
265 930 372 983 umen
394 917 563 982 manifeste
584 939 647 981 nou
670 917 858 1002 prohibetur
881 918 1069 1005 quicumque
1091 923 1197 986 cultus
1218 925 1325 1011 Ange·

121 1031 235 1097 lorum,
258 1025 316 1088 sed
343 1024 373 1088 is
399 1023 628 1097 tantummodo,
660 1023 712 1107 qui
738 1023 778 1087 ad
808 1035 1005 1088 contemtum
1033 1026 1175 1109 pertinet
1196 1027 1325 1092 Domini

123 1131 225 1195 nostri
242 1132 323 1195 Jesu
339 1128 476 1208 Christi3
499 1129 582 1213 quod
598 1128 641 1192 illi
659 1127 832 1202 iaciebant,
857 1127 909 1212 qui
924 1130 1069 1218 Angelos
1079 1153 1140 1216 pro
1152 1131 1212 1195 diis
1229 1153 1324 1197 vene·

122 1237 274 1300 rabantur
292 1234 470 1308 Platonico,
494 1232 667 1322 gentilique
683 1253 783 1297 more.
813 1232 898 1296 Nam
921 1254 995 1298 cum
1021 1254 1040 1297 a
1064 1234 1223 1302 Concilio*
1241 1240 1327 1304 Mar·

101 1337 229 1425 'tyrum
266 1360 418 1404 verorum
453 1340 557 1404 cultus
590 1338 784 1423 recipiatur,
821 1338 975 1403 falsorum
1008 1351 1112 1404 autem
1127 1362 1129 1370 ¹
1147 1343 1327 1427 Martyrum

123 1444 348 1532 superstitiosa
367 1445 535 1508 veneratio
561 1455 683 1507 tantum
706 1441 934 1528 prohibeatur:
957 1443 1027 1528 quis
1055 1447 1186 1524 credat,
1202 1448 1327 1514 Patres

123 1549 321 1633 Martyribus
337 1549 465 1635 quidem
486 1549 528 1611 ob
556 1546 775 1620 sanctitatem,
809 1567 871 1632 qua
897 1547 1004 1611 donati
1023 1561 1122 1625 sunt,
1145 1552 1264 1617 cultum
1288 1572 1328 1619 ac

123 1657 364 1720 venerationem
381 1655 603 1738 adjudicasse,
626 1651 761 1739 Angelis
781 1663 903 1726 autem,
927 1653 979 1737 qui
994 1652 1067 1718 illos
1089 1667 1122 1719 et
1143 1659 1279 1723 naturae
1295 1670 1328 1722 et

124 1761 247 1850 gratiae
270 1760 361 1824 donis
385 1759 565 1848 excellunt,
598 1778 725 1822 omnem
748 1758 904 1822 honorem
927 1769 960 1821 et
981 1764 1064 1843 piam
1088 1761 1326 1828 observantiam

124 1865 293 1932 ademisse.

205 1972 350 2036 Possunt
367 1969 473 2053 itaque
491 1967 606 2055 Angeli
626 1967 821 2053 interpretes
838 1989 876 2034 ac
894 1967 1079 2034 internuntii
1098 1972 1254 2049 adhiberi,
1277 1985 1322 2037 at·

124 2077 242 2165 quoad
260 2076 365 2139 Deum
386 2085 574 2158 precatores
596 2072 750 2160 allegari,
772 2094 834 2137 non
858 2085 965 2139 tamen
985 2075 1048 2152 ita,
1072 2096 1109 2141 ac
1129 2077 1157 2141 si
1177 2077 1247 2142 sine
1263 2077 1328 2143 illis

123 2183 216 2247 nobis
234 2182 338 2246 nullus
362 2181 402 2243 ad
428 2179 529 2242 Deum
552 2188 663 2263 pateat
680 2177 804 2252 aditus,
835 2190 888 2241 aut
907 2178 1000 2243 Deus
1021 2181 1141 2245 nullum
1161 2181 1329 2247 nobiscum

124 2290 240 2353 tabeat
260 2283 505 2359 commercium,
537 2284 595 2347 sed
617 2284 819 2347 solummodo
844 2296 991 2359 eatenus,
1014 2299 1171 2370 quatenus
1197 2287 1329 2353 exorari

124 2414 178 2469 se,
206 2389 468 2476 interpellarique
496 2388 536 2451 ab
560 2387 696 2474 Angelis
721 2389 790 2451 vult
811 2389 924 2463 Deus,
958 2402 991 2454 et
1014 2391 1139 2457 facilius
1171 2393 1327 2480 indulget,

125 2499 271 2586 quidquid
294 2518 313 2561 a
334 2496 438 2572 nobis,
460 2495 575 2560 iisdem
597 2493 763 2559 nobiscum
787 2494 962 2569 orantibus,
985 2496 1111 2580 petitur.
1194 2544 1196 2548 -

305 2646 307 2651 ’
401 2650 425 2733 5.
449 2647 511 2717 15.
536 2644 747 2724 conditio
771 2646 1060 2738 daemonum..

204 2776 479 2856 Quemadmodum
497 2773 637 2839 conditio
657 2775 855 2862 Angelorum
877 2775 1034 2840 bonorum
1060 2789 1110 2841 est
1128 2777 1326 2855 felicissima,

124 2884 167 2948 ita
192 2882 334 2947 conditio
356 2879 556 2967 Angelorum
582 2881 737 2943 malorum
770 2888 821 2942 est
846 2878 1038 2944 miserrima.
1068 2881 1240 2955 Peccando
1266 2883 1329 2968 qui·

123 2990 196 3054 dem
213 2998 327 3052 neutra
349 2984 529 3050 eorundem
544 3004 606 3047 nou
646 2995 696 3047 est
722 2983 908 3057 immutata,
932 2986 1016 3069 quod
1036 3007 1099 3052 nec
1118 2987 1192 3052 fieri
1218 2993 1330 3071 potuit,

123 3105 175 3158 ast
191 3103 242 3156 est
256 3101 407 3175 corrupta
425 3100 458 3153 et
473 3087 618 3166 inversa;
641 3089 751 3153 vitium
772 3088 855 3152 enim
869 3101 1016 3156 naturam
1031 3114 1094 3156 non
1111 3093 1253 3177 expellit,
1270 3093 1328 3156 sed

123 3199 234 3264 turbat
265 3208 360 3283 atque
381 3194 577 3260 deteriorem
597 3194 695 3259 ellicit
732 3194 836 3279 quoad
857 3195 1070 3279 perfectionis
1084 3198 1218 3284 gradus,
1241 3198 1331 3262 salva

123 3301 310 3368 substantia.
338 3301 413 3365 Non
441 3300 618 3364 amiserunt
645 3299 751 3383 itaque
782 3298 899 3386 Augeli
927 3299 1001 3368 mali
1042 3301 1176 3381 nativas
1203 3290 1330 3391 cogno·¹

123 3408 235 3494 scendi
253 3427 291 3471 ac
310 3407 409 3472 libere
429 3405 597 3491 appetendi
614 3404 714 3480 vires,
738 3415 769 3468 et
788 3403 862 3468 hinc
885 3405 987 3470 adhuc
1009 3405 1124 3481 Deum,
1148 3406 1328 3470 absolutum

125 3515 251 3581 Bonum
283 3513 462 3587 etVerum,
480 3509 655 3588 universim
671 3521 895 3595 cognoscunt,
918 3521 1058 3575 attamen
1080 3512 1160 3576 haec
1186 3509 1330 3598 cognitio

124 3640 184 3684 eos
201 3630 343 3683 tremore
360 3618 465 3702 replet
484 3625 512 3694 θ’)
524 3639 532 3687 ;
554 3617 638 3679 unde
663 3615 750 3679 illam
778 3627 970 3700 pervertere
995 3616 1125 3679 student
1148 3615 1172 3700 ι)
1181 3662 1193 3695 ,
1216 3635 1254 3679 ac
1276 3614 1330 3679 illa

123 3726 163 3789 ad
185 3724 300 3787 malum
323 3723 495 3787 abutuntur
517 3731 564 3797 ³),
586 3733 696 3805 utpote
719 3720 867 3785 veritatis
888 3741 1005 3786 osores
1029 3720 1135 3785 effecti
1157 3725 1195 3805 ὅ).
1225 3719 1330 3784 Porro

123 3931 151 3984 p.
171 3916 229 3967 tot.
256 3918 354 3973 Preeu.
381 3893 433 3964 Eo.
459 3915 520 3965 tt.
545 3929 567 3963 c.
600 3917 643 3964 15.
656 3927 682 3978 p.
699 3911 933 3964 aza-Basti.
952 3917 1022 3963 Atto.
1041 3902 1156 3964 Eanum.
1175 3917 1192 3962 l.
1213 3917 1241 3965 5.
1259 3912 1328 3978 Opp.

124 4005 157 4057 Τ.
177 4006 200 4055 l.
220 4018 245 4070 p.
264 4001 324 4058 dol.
342 4002 583 4065 -cnrysost
602 4005 633 4053 lu
652 4005 709 4054 Col.
729 4006 765 4053 11.
785 4007 814 4053 1.
833 4018 859 4053 u.
878 4007 906 4054 1.
925 4001 995 4066 Opp.
1014 4001 1046 4052 Τ.
1067 4003 1107 4052 tt.
1126 4016 1152 4068 p.
1169 4003 1228 4055 372.

160 4089 190 4154 1)’
204 4096 268 4144 Ceu.
288 4096 339 4144 35.
356 4090 492 4152 Mansl,
512 4092 578 4143 0011.
598 4094 678 4144 conc.
697 4092 728 4144 Τ.
747 4094 772 4143 2.
792 4106 816 4143 c.
835 4093 894 4148 580.
922 4091 965 4145 Ol.
982 4090 1194 4154 Balsamon,
1212 4094 1312 4146 zona

125 4180 374 4244 ras‚Arlstld.
392 4180 420 4230 in
440 4181 466 4232 la.
487 4194 512 4234 c.
635 4186 638 4223 ἰ

159 4265 184 4338 ’)
202 4272 294 4323 Mare.
314 4271 517 4332 1,2t.·1ttatth.
534 4272 559 4332 8,
578 4273 621 4322 29.

158 4352 183 4425 ³)
202 4358 306 4411 matta.
324 4362 350 4418 a,
369 4361 410 4409 aa.
428 4360 490 4410 aas.
507 4361 533 4420 a,
554 4362 594 4410 ao.

156 4445 186 4512 ¹0)
204 4447 247 4500 cl.
263 4446 337 4501 Gen.
354 4450 381 4508 3,
399 4449 424 4500 l.
441 4447 468 4501 5.
488 4449 513 4500 l.
533 4447 604 4500 Τίπι.
624 4448 648 4508 ll,
670 4450 691 4499 Ι.

160 4535 184 4600 5)
205 4538 247 4590 ct.
265 4538 354 4588 Maro.
371 4541 396 4598 3,
418 4539 525 4589 ll-«tz.
544 4540 571 4590 2.
590 4537 653 4589 cor.
674 4538 714 4596 lt,
735 4534 779 4587 tt.

159 4619 185 4693 ⁶)
203 4635 286 4684 ,toan
304 4628 331 4690 8,
350 4628 391 4680 tl.
492 4666 494 4670 f
