2926 5168
1251 221 1316 289 1188

109 373 217 439 mundi
238 372 420 437 ahsolutum
443 372 601 439 uniuntur.
629 373 720 452 Quae
743 371 836 438 nobis
858 372 1008 459 proxima
1030 385 1080 438 est
1102 372 1197 439 istius
1220 393 1316 459 gene·

107 479 154 542 ris
178 479 289 552 stella,
312 489 434 543 tanturn
457 490 587 545 aterna
609 477 725 553 distat,
753 489 906 565 quantum
933 479 1029 545 annui
1059 500 1176 545 cursus
1207 489 1317 543 terrae

110 583 268 647 diameter
309 584 543 671 quadragesies
583 582 697 649 millies
743 595 918 668 protensus
961 583 1102 649 metitur.
1144 584 1320 651 Stellarum

111 689 250 754 lixarum
273 688 389 777 ingens
412 701 463 754 est
489 711 651 755 numerus.
681 691 716 755 lo
746 689 800 754 via
830 691 952 762 lactea,
983 690 1023 755 ad
1054 711 1148 777 quarn
1176 701 1321 774 systema

110 808 259 861 nostrum
287 799 446 880 pertinet,
477 797 548 860 sola
569 798 653 861 ultra
675 800 841 884 octoginta
867 795 1025 860 milliones
1053 798 1092 859 ab
1114 797 1321 861 Astronomis

110 913 334 967 recensentur.
358 900 469 966 stellis
491 899 567 965 lixis
597 913 730 986 praesto
753 912 828 966 sunt
856 903 1004 987 planetae
1038 922 1077 967 ac
1106 914 1254 966 cometae
1276 901 1321 965 io·

111 1007 341 1072 numerabiles.
372 1005 475 1084 Quam
506 1006 662 1071 mirabilia
685 1027 784 1092 opera
812 1006 957 1072 Domini!
980 1007 1062 1086 Quis
1084 1018 1136 1071 est
1156 1007 1321 1091 potentiae

113 1135 151 1178 ac
173 1111 327 1177 bonitatis
349 1111 421 1195 ejus
443 1115 621 1176 numerus?

199 1217 359 1282 Observ.
384 1222 411 1284 1.
434 1222 562 1279 Multum
587 1232 616 1282 et
646 1222 760 1281 acriter
783 1220 851 1279 inde
879 1221 1113 1280 aLeihnitii
1135 1224 1323 1297 temporibus

114 1333 195 1389 inter
215 1328 389 1404 Theologos
409 1344 444 1384 ac
467 1325 669 1404 Philosophus
691 1327 876 1403 disputatum
901 1335 967 1395 est,
997 1333 1097 1384 utrum
1119 1326 1168 1385 hic
1198 1327 1325 1406 mundus

115 1438 155 1494 sit
176 1433 319 1510 optimus,
342 1449 397 1490 nce
418 1449 466 1491 ne.
486 1432 631 1491 Putamus
655 1440 766 1499 autem,
786 1431 1030 1507 distinguendum
1047 1450 1134 1501 esse,
1157 1451 1213 1508 quo
1233 1451 1325 1491 sensu

114 1539 244 1599 mundus
263 1539 397 1615 optimus
415 1537 610 1614 intelligatur.
631 1539 707 1596 Nam
723 1538 751 1596 si
767 1535 894 1595 mundus
913 1546 1036 1598 eatenus
1054 1539 1184 1613 optimus
1203 1537 1326 1607 dicitur,
1405 1516 1408 1521 ¹

116 1654 266 1725 quatenus
293 1641 460 1719 sapientiae
485 1640 602 1701 divinae
630 1641 708 1699 hunc
738 1639 881 1699 mundum
910 1641 1041 1700 condere
1075 1659 1166 1718 quam
1196 1643 1327 1701 maxime

116 1748 338 1818 conveniebat,
368 1755 420 1805 aut
435 1755 583 1823 quatenus
602 1747 698 1805 eidem
715 1746 785 1804 finis
800 1765 887 1823 quarn
905 1748 1036 1807 maxime
1052 1765 1224 1825 congruens
1242 1765 1328 1823 prae·

115 1858 218 1919 fixust
240 1861 291 1911 aut
307 1870 381 1910 vero
407 1862 553 1928 quatenus
576 1852 641 1928 ipse
661 1853 697 1913 ad
726 1851 804 1910 ltunc
830 1853 919 1911 linem
940 1853 1118 1929 aptissimus
1145 1854 1328 1912 constitutus

116 1970 182 2020 est:
206 1957 334 2017 mundus
357 1957 422 2015 sine
448 1957 537 2017 dubio
555 1959 685 2033 optimus
708 1966 773 2022 est;
794 1959 853 2017 Dei
872 1959 952 2015 eninr
976 1958 1113 2033 perlecta
1138 1967 1208 2016 sunt
1228 1976 1329 2033 opera,

116 2077 208 2143 atque
234 2060 324 2123 valde
351 2062 462 2121 bonum
489 2070 545 2131 est,
568 2061 725 2140 quodquod
751 2062 817 2138 ipse
844 2063 926 2121 lecit.
953 2095 995 2105 —
1023 2063 1058 2122 Si
1086 2073 1184 2123 autern
1204 2063 1330 2122 mundus

116 2173 252 2249 optimus
273 2168 436 2238 diceretur,
459 2185 494 2227 ae
513 2167 542 2225 si
558 2176 641 2226 esset
658 2168 794 2226 absolute
810 2168 917 2237 bonus,
940 2185 995 2227 seu
1011 2168 1107 2227 bonus
1128 2170 1157 2226 in
1173 2186 1207 2228 se
1226 2186 1261 2227 ae
1277 2186 1330 2243 per

116 2294 175 2343 se;
197 2283 248 2334 aut
274 2274 359 2350 quasi
386 2282 469 2333 esset
495 2274 574 2331 inter
594 2292 698 2332 omnes
719 2273 844 2331 mundos
866 2275 1030 2350 possibiles
1049 2275 1155 2333 unicus
1183 2275 1332 2350 optimus3

116 2389 170 2443 aut
194 2389 336 2455 tanquam
365 2381 392 2437 si
414 2398 466 2437 res
493 2379 651 2456 singulae,
676 2377 806 2436 seorsim
828 2387 1001 2454 spectatae,
1031 2380 1234 2456 perfectiores
1262 2397 1332 2436 esse

117 2507 179 2547 non
195 2480 337 2565 possint3
367 2491 418 2540 aut
434 2502 508 2542 vero
526 2492 558 2540 ut
577 2484 605 2540 si
624 2482 752 2541 mundus
771 2501 825 2558 per
844 2485 962 2560 lapsum
985 2486 1108 2562 generis
1126 2483 1249 2543 humani
1271 2501 1331 2543 non

116 2593 160 2652 sit
181 2599 362 2667 corruptus:
383 2597 466 2646 certe
485 2588 616 2669 optimus
642 2587 722 2647 haud
746 2595 804 2647 est.
831 2591 907 2646 Nam
930 2591 1040 2649 bonurn
1065 2589 1234 2648 absolutum
1256 2607 1332 2648 nnus

116 2688 309 2756 solummodo
328 2703 376 2753 est
391 2695 492 2761 Deum
514 2701 603 2770 atque
618 2695 741 2770 plures,
776 2694 846 2769 quin
866 2694 957 2753 immo
975 2695 1125 2754 innumeri
1144 2696 1248 2755 mundi
1268 2696 1334 2753 dari

116 2802 271 2881 possunt,
284 2816 408 2877 quorum
426 2815 631 2877 quemcunque
647 2801 733 2858 Deus
750 2798 953 2868 condidisset,
984 2800 1080 2877 quoad
1100 2801 1164 2874 ejus
1186 2800 1333 2858 infinitam

116 2905 301 2984 sapientiam
322 2922 357 2962 ae
374 2904 569 2963 sanctitatem
590 2903 714 2980 perinde
737 2913 841 2984 esset3
862 2921 971 2978 porro,
995 2924 1047 2963 res
1065 2905 1247 2981 singillatim
1264 2923 1334 2963 con·

116 3013 278 3072 sideratas
297 3009 539 3086 perfectissimas
559 3026 615 3067 non
640 3027 709 3067 esse
734 3013 781 3080 ¹),
804 3016 935 3068 testatur
961 3011 1170 3090 experientia3
1193 3009 1334 3067 mundum

116 3125 224 3176 autem
241 3133 295 3190 per
310 3122 466 3191 peccatum
482 3122 729 3189 protoparentum
752 3114 782 3170 in
809 3111 944 3171 deterius
966 3123 1113 3178 mutatum
1133 3132 1224 3181 esse,
1247 3113 1335 3174 docet

115 3221 281 3282 revelatio.

207 3323 287 3383 Olts
300 3343 376 3383 err.
398 3325 428 3386 2.
451 3321 651 3400 Quaecunque
669 3324 820 3392 existunt,
843 3324 965 3382 nonnisi
983 3325 1139 3383 voluntate
1156 3323 1256 3381 divina
1273 3324 1335 3381 cxi·

116 3440 228 3500 stunt;
263 3432 373 3489 malum
401 3439 499 3489 autem
532 3429 685 3488 sanctitati
726 3429 842 3487 divinae
875 3438 1035 3507 repugnat.
1072 3428 1155 3486 Unde
1184 3428 1335 3497 malum,

114 3544 214 3617 prout
232 3537 380 3613 principio
397 3536 426 3593 in
449 3535 556 3594 mundo
579 3533 687 3593 adesse
706 3533 782 3592 haud
806 3541 946 3610 poterat,
974 3536 1016 3593 ita
1035 3536 1169 3594 essentia
1189 3553 1243 3593 seu
1267 3534 1335 3591 sub·

115 3641 240 3702 stantia
259 3648 334 3700 esse
345 3641 458 3717 nequit,
481 3649 569 3718 atque
592 3658 666 3698 vera
687 3657 722 3697 ae
744 3641 868 3716 propria
892 3640 1056 3700 existentia
1081 3647 1186 3700 eareat
1209 3648 1256 3696 est
1285 3656 1335 3696 ne·

114 3766 224 3809 cesse.
246 3747 329 3806 Haec
350 3764 466 3824 quoque
487 3755 533 3806 est
549 3746 699 3805 unanimis
717 3742 856 3804 doctrina
871 3747 930 3806 OS.
948 3748 1083 3809 Petrum.
1106 3747 1160 3805 Sic
1180 3744 1335 3805 Ambro-

115 3856 210 3912 sius
228 3851 287 3921 ait,
309 3853 472 3911 Dominum
495 3869 555 3910 non
576 3867 702 3910 creasse
719 3851 885 3920 malitiam,
916 3869 1010 3933 quom
1031 3855 1139 3930 utique
1157 3868 1224 3910 non
1246 3849 1336 3910 sud-

111 3958 367 4034 stantialis,
389 3956 451 4015 sed
469 3956 668 4017 accidens
684 3956 730 4016 sit
743 3957 885 4027 matitia,
909 3974 992 4034 quoe
1013 3976 1033 4014 a
1047 3960 1185 4016 naturae
1200 3954 1337 4017 bonitate

111 4065 260 4146 defleuit
274 4059 313 4145 2).
328 4067 369 4122 Et
385 4062 569 4139 Prosper:
589 4065 666 4122 Ceam
679 4060 768 4120 Deus
782 4061 1082 4123 incommutabiliter
1099 4059 1212 4140 donam,
1225 4079 1336 4121 ornnes

110 4164 1337 4249 creaturassecerttoonas,necuttaomniaominaipsosttoreatanatura:

162 4427 186 4490 ¹)
206 4422 250 4477 ci.
268 4420 298 4475 S.
315 4421 515 4487 Augustin.
534 4425 575 4474 De
595 4423 648 4473 cte.
668 4424 701 4472 t).
721 4425 741 4473 1.
762 4424 809 4472 11.
828 4434 852 4472 o.
872 4422 919 4471 22.
944 4417 1015 4483 Opp.
1041 4417 1072 4470 Τ.
1092 4420 1118 4469 7.
1137 4429 1161 4467 e.
1179 4417 1238 4467 288.
1260 4418 1336 4468 coast.

116 4517 224 4570 Ferunt.
245 4518 264 4569 1.
284 4519 333 4568 21.
352 4531 379 4566 c.
397 4521 425 4565 5.
444 4512 475 4565 Τ.
493 4515 518 4562 8.
539 4525 563 4564 c.
581 4505 640 4563 3'5't.

160 4601 185 4671 ²)
205 4609 338 4656 Hemodos.
358 4608 377 4655 1.
398 4607 426 4654 1.
446 4617 469 4654 e.
489 4605 518 4654 8.
537 4619 563 4655 n.
584 4606 632 4653 27.
650 4601 720 4666 Opp.
739 4602 770 4655 'l'.
788 4604 810 4651 1.
830 4615 854 4650 c.
876 4600 915 4649 to.

1054 4683 1135 4751 26*
