2926 5168
211 367 246 434 R
271 368 364 434 Haec
383 370 576 455 estquoque
597 367 753 432 unanimis
773 367 920 432 doctrina
943 368 1006 437 SS.
1037 366 1225 445 Petrum,
1257 392 1332 455 quo·

123 497 194 540 rum
211 475 395 541 testimonia
420 486 527 540 tamen
551 474 656 539 hicio
683 474 820 539 medium
847 473 996 558 proferre
1017 471 1212 560 superfluum
1235 475 1330 539 foret.

122 579 245 646 Unicus
272 579 413 645 sufficiat
435 598 477 644 ex
506 579 637 667 graecis
664 578 913 665 Gregorius
936 580 967 643 N
975 601 1079 663 yos,
1103 591 1136 644 et
1162 601 1204 643 ex
1226 579 1333 643 latinis

123 684 404 774 Augustinus.
428 684 491 750 Hic
516 683 574 749 aa:
597 683 712 768 Neque
745 692 857 749 beatae
880 691 962 748 ottae
984 688 1171 748 vocatotom
1191 693 1235 747 ito
1257 706 1333 747 con-

123 794 282 856 trahimus
305 793 350 854 od
378 782 535 872 quosdam
556 791 800 871 siqnificotionts
830 795 1021 870 anqustios,
1051 798 1089 853 ot
1112 790 1213 853 solam
1231 793 1334 852 Deum

122 899 427 960 dieomalsteotam:
451 903 653 980 qottomeo
674 901 856 958 itenere
878 903 1021 959 beatos
1042 903 1120 978 est,
1142 901 1335 975 atmojor

124 1003 344 1065 beatitudo
366 1022 459 1065 esse
491 1022 578 1065 non
603 1006 766 1083 possit:
796 1006 831 1064 in
857 1007 951 1081 cujas
972 1006 1226 1082 comparatione,
1249 1010 1334 1082 quod

124 1107 240 1186 Δημοῖ]
255 1109 337 1198 testi
356 1108 439 1183 sont,
461 1126 524 1170 sao
541 1110 681 1190 quodam
693 1126 820 1170 sommo
838 1109 1048 1182 beatitudine,
1076 1115 1196 1191 quanto
1211 1111 1246 1169 to
1262 1109 1333 1168 Aa·

119 1202 206 1293 pelli
226 1219 297 1275 esse
322 1219 439 1293 potest,
462 1218 539 1292 quid
560 1221 617 1276 aot
638 1224 793 1296 quantum
812 1224 863 1276 est
883 1211 932 1296 ¹)?
952 1211 1048 1275 Prior
1075 1223 1182 1277 autem
1199 1209 1331 1275 scribit:

126 1319 250 1395 Quod
277 1338 377 1381 vere
407 1320 579 1381 leolum
607 1320 839 1381 ostendum
870 1322 946 1391 stt,
973 1323 1113 1396 ipsum
1145 1322 1338 1381 divinum

123 1431 278 1487 Numen
300 1430 375 1486 est.
405 1429 485 1485 Nom
507 1426 659 1506 quicquid
679 1425 714 1485 itt
737 1422 864 1486 tandem
888 1443 959 1485 esse
981 1445 1159 1500 ponamus:
1182 1424 1336 1484 beatitudo

121 1536 175 1590 est
188 1531 248 1590 itta
266 1530 454 1592 tmrnortolis
474 1537 506 1590 et
525 1535 713 1607 incorrupto
728 1533 813 1609 vito,
835 1531 992 1610 ineffabile
1008 1534 1131 1610 pariter
1152 1535 1184 1592 et
1195 1534 1335 1590 inanim-

127 1636 322 1698 odoerstttle
350 1643 444 1717 etque
465 1636 716 1714 teseoooqttottto
741 1637 874 1708 bonone,
902 1636 1132 1697 inenarrabilis
1154 1635 1336 1713 itseoeplieo·

120 1742 263 1822 titioque
277 1742 498 1820 pulchritudo,
523 1761 544 1801 o
564 1760 600 1801 se
616 1743 688 1817 ipso
700 1742 864 1819 profecta,
887 1761 907 1801 o
922 1760 958 1799 se
973 1743 1045 1820 ipso
1058 1743 1144 1812 doto,
1167 1749 1198 1800 et
1217 1740 1350 1816 pretias

123 1852 160 1908 et
175 1849 334 1926 sapientia
343 1889 357 1924 ,
379 1852 410 1906 et
424 1851 583 1925 poteratis:
605 1865 683 1906 vera
711 1848 792 1907 lua:
815 1849 896 1924 sons
920 1847 1024 1906 omnis
1051 1846 1219 1905 bonitatis:
1242 1824 1339 1902 ratos

118 1953 291 2015 universis
298 1952 485 2028 praesidens
501 1970 539 2023 qe
558 1953 802 2031 superimposito
811 1954 974 2029 potestas:
996 1950 1066 2010 solo
1080 1949 1237 2022 amabitis,
1252 1967 1337 2007 sem·

113 2078 186 2134 per
202 2063 314 2117 eodem
331 2057 422 2117 modo
435 2075 506 2116 sese
517 2057 659 2127 tabens,
688 2061 842 2133 perpetuo
860 2058 1031 2117 exaltatio:
1059 2059 1255 2131 seraptterno
1273 2054 1336 2113 loe·

118 2169 213 2225 titio:
237 2163 276 2222 de
295 2181 360 2242 quo
377 2165 406 2222 si
424 2164 497 2242 quis
516 2162 601 2222 dicat
624 2166 729 2221 omnio
737 2204 750 2241 ,
773 2181 855 2241 quoe
868 2161 986 2240 possit,
1008 2159 1091 2220 tollit
1113 2160 1191 2220 dicit
1213 2178 1340 2226 eorum,

118 2288 211 2351 quoe
229 2270 277 2328 rei
297 2268 439 2344 dipnttos
457 2267 600 2344 postulat
617 2286 655 2327 oc
675 2271 809 2344 requirit
829 2273 868 2337 ²).

257 2368 295 2437 C.
319 2370 385 2433 Sed
402 2360 472 2433 et'r
484 2369 571 2433 atio
594 2368 741 2449 idipsum
758 2362 946 2433 necessario
964 2366 1088 2431 statuit.
1104 2365 1338 2430 EtenimDeus

115 2491 281 2562 tanquam
299 2494 357 2538 ens
372 2473 647 2558 perfectissimum
666 2493 705 2537 ac
724 2473 948 2538 necessarium
966 2472 996 2535 vi
1012 2472 1195 2535 intellectus
1216 2472 1341 2546 infiniti,

113 2581 239 2648 omnia
273 2578 511 2664 perfectissime
549 2579 739 2666 cognoscit,
773 2590 867 2663 atque
906 2580 937 2641 vi
982 2578 1159 2642 voluntatis
1199 2577 1341 2642 infinitae
1393 2630 1394 2633 η

112 2687 238 2754 omnia
277 2683 513 2770 perfectissime
555 2686 632 2757 vult,
673 2695 706 2748 et
739 2683 809 2747 sine
839 2685 901 2747 ullo
942 2707 1078 2768 prorsus
1112 2686 1341 2770 impedimento

108 2792 276 2880 perlicit,
298 2791 392 2874 idque
418 2810 513 2854 omne
541 2811 599 2874 per
625 2810 662 2853 se
679 2801 711 2852 et
735 2771 834 2865 caste,n
847 2789 892 2853 ita
913 2802 946 2853 ut
964 2790 1048 2854 nulla
1062 2796 1190 2854 omnino
1210 2792 1250 2854 ab
1270 2790 1342 2874 ipso

107 2896 291 2986 perfectio
311 2896 415 2970 absit,
439 2898 497 2960 sed
512 2895 618 2959 omnia
632 2918 767 2980 prorsus
785 2897 868 2960 borna
887 2895 918 2959 in
937 2896 991 2959 illo
1007 2907 1158 2980 tarrquanr
1177 2897 1264 2959 loute
1281 2917 1341 2958 suo

106 3001 353 3090 reperiantur,
378 3002 544 3085 nullusque
568 3012 672 3064 cretus
704 3000 821 3085 aliquid
850 3022 962 3065 eorum
985 3002 1169 3076 amittendi,
1192 3004 1340 3086 nullaque

106 3107 325 3176 efficientiae
338 3105 502 3190 impeditio
519 3105 619 3180 adsit,
643 3117 676 3168 et
695 3106 767 3170 ideo
781 3107 852 3191 ipse
870 3128 949 3170 vera
963 3118 996 3172 et
1020 3108 1169 3171 absoluta
1195 3106 1261 3169 vita
1286 3107 1340 3173 sit.

103 3215 277 3299 Hujusce
297 3223 405 3275 autem
425 3223 530 3276 status
546 3210 743 3274 ornatissimi
759 3234 821 3275 non
842 3224 951 3296 potest
972 3234 1036 3275 non
1059 3212 1151 3276 Deus
1180 3233 1255 3276 esse
1280 3213 1341 3277 sibi

102 3317 370 3408 perfectissime
396 3316 490 3380 simul
515 3314 685 3389 conscius,
723 3328 817 3401 atque
847 3317 920 3381 hinc
943 3317 1039 3380 etiam
1066 3318 1098 3381 in
1113 3339 1150 3381 se
1168 3340 1262 3402 quam
1278 3340 1341 3384 ma·

102 3427 218 3493 xime
241 3422 451 3508 acquiescere
472 3419 594 3504 sibique
615 3421 755 3505 placere.

216 3532 391 3592 Observ.
414 3533 442 3594 1.
465 3528 618 3605 Quomodo
642 3532 709 3590 loca
732 3532 784 3589 illa
810 3532 842 3588 S.
866 3531 1054 3608 Scripturas,
1087 3535 1115 3590 in
1144 3535 1252 3610 quibus
1274 3538 1340 3594 Deo

102 3640 321 3720 poenitentia
331 3681 344 3714 ‚
368 3638 423 3705 ira,
450 3644 480 3694 et
502 3636 579 3694 aliae
599 3635 744 3710 ejusmodi
761 3637 937 3694 affectiones
956 3639 1178 3710 attribuuntur,
1203 3658 1278 3715 quae
1294 3662 1342 3698 so·

102 3743 284 3809 lummodo
312 3744 491 3802 relationem
522 3743 617 3819 ipsius
651 3741 687 3800 ad
711 3741 774 3817 ejus
807 3760 913 3819 opera,
946 3751 975 3800 et
1003 3745 1180 3802 nominatim
1203 3745 1240 3802 ad
1263 3749 1343 3805 entia

102 3843 336 3926 intelligentia
347 3892 360 3925 ,
384 3850 431 3906 vel
450 3850 550 3924 potius
569 3847 678 3906 horum
700 3848 736 3906 ad
760 3848 857 3924 ipsum
891 3850 1085 3924 exprimunt,
1117 3851 1344 3928 interpretanda

102 3961 214 4025 sint,
237 3956 297 4027 jam
321 3952 512 4012 dictumest.

217 4060 284 4116 Non
307 4057 424 4116 turbari
447 4066 546 4116 autem
570 4059 667 4117 Deum
692 4078 747 4128 eo,
772 4060 849 4136 quod
873 4061 958 4119 multi
981 4061 1135 4122 hominum
1157 4065 1342 4123 voluntatem

102 4167 267 4227 divinam
287 4162 365 4221 haud
387 4163 587 4239 adimpleant,
617 4184 672 4240 per
703 4183 737 4224 se
760 4167 953 4244 intelligitur.
976 4167 1052 4225 Nam
1075 4169 1105 4226 in
1129 4163 1184 4239 iis,
1209 4187 1284 4245 quae
1306 4168 1342 4226 sd

102 4275 264 4332 saltitem
286 4278 420 4327 nostram
443 4270 614 4344 pertinent,
638 4273 721 4328 Deus
749 4273 791 4330 nil
809 4274 895 4340 vult,
918 4271 996 4348 quod
1015 4273 1104 4332 homo
1121 4292 1180 4331 non
1202 4276 1275 4341 vult,
1300 4275 1342 4332 ita

102 4442 386 4460 w—

102 4535 118 4568 *
174 4529 201 4584 1)
218 4528 259 4576 De
278 4527 331 4576 cto.
351 4529 386 4575 tt
406 4528 424 4576 1.
449 4530 492 4576 n.
513 4543 538 4576 c.
560 4530 607 4577 lt.
626 4525 696 4592 0pp.
716 4527 750 4579 Τ.
769 4530 795 4580 7.
814 4541 840 4579 ο.
858 4530 907 4580 281
927 4544 950 4578 s.

172 4606 196 4679 ²)
212 4617 254 4666 De
273 4616 356 4666 teottt
373 4617 416 4666 ttr.
435 4619 463 4668 t.
482 4613 552 4682 Opp.
571 4614 616 4668 ed.
633 4615 699 4666 Par.
720 4618 795 4672 1638.
814 4618 845 4670 Τ.
866 4620 890 4671 Ι.
918 4631 944 4684 p.
964 4619 1024 4670 tot.
