2926 5168
199 218 269 296 118·

284 378 606 458 B.Quemadmodum
617 370 909 449 conservationem,
920 370 964 439 ita
980 386 1012 440 et
1022 370 1160 440 divinem
1171 373 1280 441 mundi
1291 372 1407 464 guber·

200 484 364 549 'nunonem
384 483 578 549 Ecclesia
600 503 730 566 semper
740 493 889 567 tanquam
901 480 1109 566 principalem
1119 479 1191 544 lidei
1202 479 1407 546 Christianae

204 591 371 656 articulum
383 589 530 674 professu
545 600 639 673 etque
649 599 762 652 contre
769 585 998 652 Aristotelicos
1010 587 1048 671 ¹),
1060 587 1113 672 qui
1121 585 1254 652 limitem
1263 585 1295 652 ei
1303 587 1407 650 lunam

202 697 463 769 constituerant.
475 695 654 781 Epicureos
678 713 716 759 ac
731 692 874 767 Stoicos,
897 713 1035 759 necnon
1052 691 1231 757 Gnosticos
1252 711 1292 758 ac
1307 691 1406 756 Meni·

202 803 321 869 chseos
333 801 413 865 tuito
423 811 482 864 est.
496 800 556 863 SS.
566 798 713 863 Patres
728 799 846 883 ubique
861 798 900 862 de
920 819 958 862 ee
974 818 1158 863 sermonem
1172 799 1353 874 instituunt,
1376 809 1408 862 et

202 908 316 973 Theo
326 907 345 970 d
355 919 496 971 oretus
512 904 708 990 singularem
723 904 837 968 librum
851 907 889 966 de
904 908 1101 982 providentie
1113 912 1143 982 ²)
1160 904 1327 979 exoravit3
1347 915 1406 966 trs·

205 1014 356 1097 dantque,
374 1010 551 1077 doctrinam
563 1011 603 1074 de
613 1010 721 1074 divine
736 1007 938 1093 providentie
955 1029 1013 1073 seu
1030 1009 1266 1097 gubernen'one
1276 1010 1319 1074 ed
1333 1009 1405 1093 pub·

201 1117 262 1183 lice
272 1116 348 1182 fidei
356 1117 508 1204 dogmate
516 1115 689 1200 pertinere.
703 1113 760 1177 Sic
773 1113 865 1177 lren
875 1132 975 1176 eeu·
992 1111 1053 1176 sit:
1068 1116 1170 1178 Nobis
1179 1116 1406 1184 cormeatibus,

201 1228 277 1307 quie
295 1225 380 1285 nteit
400 1226 525 1284 omnino
546 1223 669 1294 luorum,
691 1223 887 1304 quaefacta
907 1227 992 1293 sunt,
1014 1227 1045 1281 el
1057 1223 1249 1302 quaestum,
1270 1229 1304 1282 et
1321 1223 1405 1293 fient,

200 1333 366 1391 seientiam
392 1329 455 1388 Dei
472 1331 568 1405 sopit,
592 1327 651 1386 sed
674 1345 746 1404 per
776 1327 900 1386 tilios
926 1327 1238 1404 providentiam
1265 1345 1406 1388 onom·

202 1434 392 1515 quodque
414 1450 546 1491 eorum
568 1437 604 1490 et
622 1431 820 1502 habitum,
843 1441 881 1491 et
902 1431 1109 1501 ordinem,
1132 1441 1169 1492 et
1188 1449 1406 1502 numerum,

202 1540 545 1620 etqeontitotem
576 1541 770 1612 occipere
799 1539 1342 1616 etaoeepissepropriom,
1373 1545 1409 1597 et

201 1643 505 1704 nihilomnino
536 1660 665 1718 oeque
698 1659 821 1716 rane,
854 1661 925 1702 oee
955 1651 999 1702 ot
1025 1643 1407 1720 provenitfootom

205 1751 414 1826 ootsieri,
442 1752 516 1807 sed
546 1766 633 1806 cum
664 1766 815 1823 mopso
851 1750 1075 1826 optatione
1109 1757 1149 1808 et
1179 1766 1407 1808 soresonon·

203 1855 267 1912 tis
288 1853 513 1928 (conscientie)
535 1850 710 1921 sublimi,
733 1859 766 1912 et
781 1870 854 1911 esse
870 1851 1086 1912 admirabilem
1097 1853 1265 1929 rationem,
1288 1857 1321 1910 et
1337 1870 1410 1912 esre

201 1957 350 2030 divinam,
373 1975 456 2037 quae
473 1961 578 2033 possit
596 1955 778 2032 hujusmodi
803 1959 834 2015 et
854 1955 1047 2028 discerpere,
1070 1961 1104 2014 et
1123 1974 1243 2016 causas
1260 1959 1410 2034 proprios

203 2064 371 2121 ermetiare
392 2066 430 2134 ³).
454 2095 489 2105 -
512 2055 617 2120 Porro
641 2057 779 2130 docent,
802 2056 1037 2140 providentiam
1061 2077 1120 2122 seu
1141 2057 1409 2145 gubernationem

204 2152 342 2226 divinem
363 2162 396 2225 in
418 2161 531 2226 ordine
563 2161 672 2225 mundi
702 2160 818 2246 ultique
850 2160 1025 2245 conspicuo
1049 2162 1259 2228 mauilestari.
1281 2161 1410 2226 Minu·

203 2267 295 2332 cius
316 2267 456 2331 Felix:
480 2269 562 2341 Quod
573 2272 656 2329 enim
669 2274 781 2347 potest,
795 2265 849 2339 uit,
863 2288 936 2329 esse
951 2279 1015 2332 tom
1029 2276 1183 2349 opertum,
1196 2276 1263 2330 tom
1280 2272 1411 2348 confes-

202 2385 437 2454 cumimpiis
463 2379 684 2453 perspicuum,
709 2393 780 2435 eom
813 2375 920 2434 oculos
950 2377 986 2434 ire
1013 2376 1133 2436 eoelum
1165 2375 1361 2452 contuleris,
1383 2379 1413 2432 et

204 2499 286 2561 quae
306 2486 384 2541 sont
402 2481 493 2557 infra
521 2483 672 2560 circaque
694 2480 891 2547 lustraveris,
922 2498 1016 2560 poem
1044 2499 1116 2540 esee
1143 2483 1277 2560 aliquod
1295 2497 1411 2541 nomeu

202 2586 498 2662 praestantissimae
525 2588 658 2655 meretis,
691 2602 780 2663 quo
811 2589 947 2643 omnis
979 2588 1131 2644 notura
1161 2586 1412 2661 inspiretur,

206 2695 433 2766 mereatur,
456 2688 606 2759 alatur,
629 2688 883 2763 preberentur
905 2683 954 2773 ⁴).
978 2723 1018 2734 -—
1049 2685 1257 2750 Clemens
1279 2685 1412 2750 Alexa

204 2798 429 2875 'Manifesta
450 2796 533 2872 (est)
557 2793 705 2855 divino
723 2794 993 2871 providentio
1014 2813 1067 2855 es
1089 2800 1269 2872 aspecto
1290 2797 1410 2855 omni-

204 2907 279 2977 om,
303 2917 404 2980 quoe
419 2899 620 2971 videretur,
644 2900 905 2976 effectorum,
922 2919 1030 2979 quoe
1050 2905 1140 2960 orte
1161 2904 1359 2960 constaret
1378 2902 1412 2958 et

207 3005 428 3083 sapientia
459 3008 495 3080 ⁶).
529 3037 564 3048 -
597 3001 869 3065 Lactantius:
901 3005 1067 3065 Secundus
1095 3023 1170 3066 sero
1202 3001 1339 3088 (gratim
1364 3019 1410 3064 se·

207 3105 345 3189 pientiae
368 3107 449 3190 est),
478 3109 662 3185 perspicere
689 3113 814 3188 opimo,
846 3109 933 3190 qood
962 3128 1050 3170 ursus
1079 3112 1124 3170 eit
1142 3110 1233 3170 Deos
1254 3125 1409 3177 summos,

207 3215 302 3292 cujus
320 3219 461 3290 potestas
483 3233 520 3272 oc
551 3214 812 3292 providentio
844 3217 985 3294 effecerit
1009 3235 1030 3276 o
1059 3215 1218 3292 principio
1248 3212 1411 3287 miseritos,

207 3308 461 3394 etpobernet
479 3321 523 3376 iro
542 3324 759 3396 posterum
781 3324 821 3391 ⁰).
843 3315 1013 3392 Necnon,
1044 3316 1179 3380 eandem
1196 3313 1229 3377 in
1250 3314 1327 3402 lege
1348 3332 1409 3377 mo·

205 3419 265 3483 reli
287 3419 380 3483 nohis
400 3419 497 3483 insita
519 3420 558 3504 ⁷),
589 3430 683 3504 etque
705 3421 859 3484 melorum
887 3421 1051 3505 punitione
1073 3431 1106 3485 et
1126 3420 1287 3484 bonorum
1307 3439 1409 3483 remu·

206 3523 373 3588 uenatione
396 3532 444 3600 8),
478 3535 510 3588 et
542 3524 573 3588 in
586 3548 589 3553 ·
604 3527 805 3592 revelatione
841 3547 900 3612 per
937 3527 1103 3593 Christum
1130 3524 1306 3590 Dominum
1340 3527 1409 3589 (luta

236 3718 435 3784 ¹)0rige'n.
452 3722 484 3771 ln
502 3723 548 3772 Pr.
567 3722 616 3780 35,
637 3718 740 3786 6.0pp.
760 3720 793 3773 Τ.
810 3721 837 3773 2.
856 3733 882 3785 p.
895 3718 1243 3771 toz-Theodora
1262 3721 1298 3771 11.
1310 3721 1408 3774 Μσ.

207 3825 231 3862 s.
253 3816 301 3864 10.
319 3810 389 3878 Opp.
408 3811 440 3862 T.
457 3811 482 3862 l.
502 3824 532 3876 p.
548 3811 621 3860 275.

240 3893 263 3963 ²)
281 3903 322 3951 De
338 3918 412 3959 prov.
433 3901 505 3952 Orat.
527 3905 574 3954 10.
595 3899 663 3965 Opp.
683 3899 715 3951 T.
736 3898 761 3950 lt.
779 3912 806 3964 p.
826 3899 970 3954 ote—tte.

240 3982 262 4016 ³⁸
282 3991 357 4040 Ceut.
378 3993 452 4043 oser.
472 3994 489 4040 l.
508 3991 536 4042 2.
556 4002 579 4041 ο.
599 3993 648 4040 26.
667 4007 693 4041 o.
712 3992 742 4041 3.
761 4002 787 4054 p.
808 3989 866 4039 1521.

238 4075 264 4140 ⁶)
286 4082 375 4130 Octoe.
393 4097 419 4132 n.
442 4084 485 4129 11.
506 4080 537 4128 ln
558 4077 825 4130 Gatianensis
845 4080 899 4130 PP.
922 4078 956 4130 T.
974 4079 1001 4130 2.
1019 4091 1046 4144 p.
1064 4078 1125 4131 390.

239 4174 263 4231 ⁶)
283 4172 379 4221 Stront.
400 4176 419 4221 l.
439 4176 467 4220 5.
484 4188 509 4220 n.
532 4175 559 4223 1.
580 4169 650 4234 Opp.
669 4169 700 4220 T.
718 4171 745 4221 2.
764 4182 790 4234 p.
806 4168 866 4219 6¹⁴6.
999 4228 1002 4233 Ι

238 4251 263 4318 ⁶)
282 4261 322 4308 De
341 4260 383 4308 tro
401 4262 434 4309 D.
452 4273 476 4313 e.
498 4262 526 4311 2.
545 4257 613 4323 Opp.
632 4259 665 4310 T.
682 4261 707 4308 2.
725 4273 750 4324 p.
773 4261 829 4309 129.
849 4285 882 4295 -
901 4257 1099 4322 chrysost.
1127 4259 1169 4307 Au
1186 4268 1250 4316 eos,
1269 4259 1317 4320 poi
1330 4271 1408 4309 sees·

206 4349 321 4397 dolieoti
338 4357 407 4398 sont.
426 4364 451 4399 c.
471 4353 499 4401 5.
519 4352 548 4399 7.
567 4345 635 4412 Opp.
645 4347 677 4399 T.
696 4349 722 4398 ³.
741 4361 768 4412 p.
785 4347 843 4399 47³.
863 4347 1008 4398 uto-tet.

239 4434 263 4497 ⁷)
282 4436 481 4501 chrysost.
508 4436 551 4491 lb.
578 4450 601 4489 c.
627 4440 652 4488 8.
678 4451 705 4503 p.
730 4438 789 4487 182.
816 4463 848 4475 --
872 4436 937 4488 Tit.
963 4438 1089 4489 Bostr.
1115 4435 1410 4490 (institutricem.

207 4543 232 4580 o.
253 4530 303 4578 11.
322 4528 353 4577 lu
372 4525 543 4581 Gallantl.
561 4530 631 4578 Biol.
648 4530 703 4578 PP.
723 4526 754 4576 T.
772 4528 797 4578 ὁ.
815 4541 840 4593 p.
857 4526 917 4578 301.

231 4607 263 4683 ¹⁸)
281 4615 322 4668 lu.
339 4619 372 4670 le
389 4622 434 4670 Pr.
455 4621 483 4670 9.
502 4632 528 4670 o.
547 4621 577 4670 4.
595 4616 627 4668 T.
645 4618 672 4671 ὅ.
691 4631 717 4683 p.
735 4619 769 4670 98
787 4630 829 4669 se.
