2926 5168
1286 216 1353 290 ibt

139 367 222 447 lem,
245 381 279 435 et
303 367 418 435 deiude
445 371 616 435 humanam
634 381 784 455 tauquam
804 386 847 434 ex
871 379 1005 455 utraque
1024 389 1227 436 communem
1244 372 1351 437 condi·

139 474 230 550 disse
260 483 298 552 ¹),
338 474 463 554 Quibus
489 497 584 561 quum
611 475 787 562 spiritualis
810 487 924 539 natura
952 496 1128 562 corporeae
1158 489 1348 563 opponatur,

139 591 236 666 atque
257 580 382 646 atrimae
402 593 535 646 nostrae
557 580 694 666 simplici
720 581 863 667 aequalis
887 591 1040 666 ponatur,
1063 603 1126 646 non
1144 583 1284 647 obscure
1305 587 1346 646 si·

137 684 288 773 gnilicari
306 684 444 761 videtur,
465 687 611 774 Angelos
633 707 736 772 neque
760 706 836 750 esse
854 707 1009 770 corpora,
1033 707 1138 774 oeque
1158 686 1350 772 corporibus

137 790 328 875 implicatos
342 792 495 857 Attamen
513 791 627 880 negari
641 813 703 856 nou
721 803 840 877 potes-t.
856 812 960 877 neque
978 791 1157 857 Concilium
1171 791 1349 858 Nicaeuum

136 914 243 980 neque
265 896 486 961 Lateranense
510 896 704 961 sententiam
726 896 831 982 quoad
857 896 1081 982 qrracstionem
1104 909 1250 963 nostram
1274 918 1347 982 pro·

135 1000 284 1066 nuntiare
312 1002 467 1069 voluisse.
500 1004 583 1067 Nam
607 1000 785 1068 Concilium
812 1001 989 1067 Nicaeuum
1013 1004 1076 1068 boc
1102 1025 1199 1068 unum
1225 1014 1349 1068 tantum

136 1105 273 1172 delinire
302 1106 455 1182 intendit,
484 1107 630 1195 Angelos
654 1108 808 1172 colendos
841 1127 936 1182 esse,
970 1128 1145 1193 eorumque
1174 1106 1345 1196 imagines,

135 1230 210 1277 cum
232 1210 349 1277 visibili
377 1211 488 1296 specie
514 1211 738 1297 adparuerint,
775 1232 850 1279 esse
873 1213 1055 1287 habendas,
1086 1211 1216 1277 minime
1240 1223 1349 1277 autem
1403 1290 1408 1306 ἱ

135 1315 234 1379 etiam
272 1316 442 1402 quidquam
468 1316 644 1380 denatura
669 1317 866 1404 Angelorum
897 1328 1049 1381 statuere.
1079 1316 1170 1381 Unde
1202 1315 1349 1402 quamvis

135 1420 352 1505 incorporeos
370 1420 515 1508 Angelos
530 1421 715 1488 vocaverit:
734 1432 842 1486 tamen
857 1422 1027 1507 epistolam
1046 1421 1183 1486 doanuis
1202 1420 1348 1486 Thessa·

134 1525 311 1600 lunicensis
330 1527 415 1613 baud
435 1526 632 1610 reprobavit,
654 1527 730 1591 licet
752 1526 784 1590 in
803 1529 916 1592 eadem
934 1528 1082 1617 legatur,
1104 1526 1253 1614 Angelos
1271 1545 1347 1590 ease

133 1633 269 1706 aasdttles
289 1653 435 1714 corpore,
457 1641 489 1701 et
507 1638 620 1695 aereos
641 1641 673 1695 et
691 1637 816 1714 tyneus,
839 1633 913 1718 quia
935 1637 1089 1709 ostendit,
1121 1636 1208 1713 quod
1225 1641 1257 1695 et
1275 1636 1347 1696 An·
1441 1652 1444 1671 ¹

131 1737 225 1815 yetus
245 1745 388 1818 oporteat
406 1742 507 1819 pingi,
530 1743 680 1822 quostiam
702 1743 934 1818 circumscripti
954 1747 1031 1801 surrt
1042 1787 1051 1814 ,
1073 1750 1106 1800 et
1125 1740 1220 1801 velud
1241 1740 1345 1801 bomi-

133 1864 192 1904 nes
212 1851 435 1923 apparuerunt
455 1842 494 1926 ²).
522 1842 567 1906 Et
588 1847 647 1915 ita⁴
666 1863 791 1928 quoque
815 1842 994 1908 Corruilium
1016 1844 1238 1907 lateranense
1269 1863 1346 1907 non·

133 1946 195 2010 nisi
216 1946 248 2010 id
270 1946 331 2010 sibi
351 1958 587 2030 proposuerat,
609 1957 644 2010 ut
670 1945 836 2032 utriusque
862 1959 1014 2024 naturae,
1044 1960 1109 2013 tarn
1129 1967 1210 2033 quae
1231 1945 1347 2012 dicitur

133 2073 304 2139 corporea,
325 2071 418 2137 quam
434 2072 515 2138 quae
532 2052 711 2136 adpellatur
725 2051 913 2137 spiritualis,
924 2052 1116 2119 Creatorem
1130 2073 1227 2117 uuum
1240 2052 1346 2118 Deum

133 2177 220 2233 esse,
242 2168 356 2223 contra
373 2156 576 2222 recentiores
593 2154 807 2223 Manichaeos
826 2158 1019 2223 adstrueret.
1042 2157 1182 2223 Caetera
1200 2177 1281 2221 vero
1301 2177 1344 2220 ex

132 2274 265 2349 recepta
280 2284 339 2349 per
355 2263 389 2327 id
414 2274 541 2348 tempus
563 2262 714 2348 opinione
731 2262 872 2328 intexuit
896 2264 934 2347 ³).
963 2261 1085 2326 Verum
1117 2261 1214 2327 nihilo
1236 2261 1345 2327 secius

131 2367 322 2451 postillam
350 2366 487 2452 Concilii
519 2368 751 2433 bateraueusis
774 2367 992 2432 definitionem
1019 2366 1211 2450 publicatam
1241 2366 1343 2430 altera

132 2473 241 2557 opinio
258 2474 456 2559 pedetentim
472 2473 556 2539 inter
573 2472 761 2539 Catlrolicos
783 2472 962 2549 obsolevit,
989 2470 1034 2537 ita
1057 2482 1110 2547 ut,
1135 2469 1164 2534 si
1187 2464 1344 2555 perpauci

130 2577 333 2662 excipiantur
352 2579 393 2664 ⁴),
414 2578 473 2644 vix
493 2579 546 2656 sit,
572 2579 623 2666 qui
641 2601 711 2645 eam
733 2579 900 2664 defendat3
933 2598 1029 2663 quum
1053 2575 1181 2642 scilicet
1207 2575 1342 2641 Concili-

129 2705 204 2765 urn,
219 2682 295 2748 licet
312 2684 479 2750 consilium
501 2685 708 2771 praecipuum
727 2708 792 2752 uon
816 2683 966 2749 habuerit
983 2681 1173 2757 definiendi,
1195 2682 1342 2769 Angelos

128 2789 214 2852 baud
236 2801 429 2876 corporatos
457 2812 550 2870 esse,
585 2805 694 2858 tamen
717 2814 799 2880 quae
825 2794 965 2876 desuper
989 2787 1178 2876 protulerit,
1211 2808 1255 2853 cx
1280 2809 1342 2853 suo

129 2904 250 2975 tenore,
262 2906 393 2979 praeter
413 2916 507 2961 omne
524 2897 692 2963 consilium
712 2899 838 2983 prolata
858 2896 921 2962 dici
939 2906 1109 2980 nequeant.

173 3072 177 3079 ¹
215 2996 352 3064 Certum
369 3002 476 3087 itaque
502 3024 578 3068 esse
599 3004 745 3080 videtur,
776 3003 847 3089 ipsa
866 3003 992 3067 ratione
1017 2999 1235 3084 suffragante,
1258 3021 1339 3086 quae

130 3117 166 3168 ut
188 3125 286 3190 supra
300 3105 369 3190 jam
396 3107 594 3185 monuimus,
626 3120 724 3194 prout
746 3120 894 3173 naturam
915 3127 1108 3193 corpoream
1130 3127 1246 3192 perse
1267 3106 1339 3170 sub·

129 3208 300 3293 sistentem
315 3211 421 3293 videt,
434 3211 478 3277 ita
495 3212 630 3277 alteram
649 3211 789 3276 bominis
808 3223 955 3297 partein,
978 3211 1125 3296 spiritum
1140 3209 1263 3295 pariter
1280 3230 1339 3294 per

132 3335 170 3378 se
196 3314 356 3390 existere,
379 3315 524 3400 conjicit,
547 3317 692 3403 Angelos
710 3316 840 3401 propria
862 3336 1021 3402 corpora,
1050 3314 1195 3380 humanis
1212 3313 1337 3390 similia,

127 3440 191 3483 uon
207 3420 344 3506 ,babere
365 3420 478 3504 Quum
492 3424 600 3487 tame'n
622 3421 739 3508 Augeli
762 3420 892 3486 minimo
919 3418 1036 3506 ubique
1059 3419 1122 3484 sint
1144 3429 1337 3504 praesentes

162 3701 187 3768 1)
206 3705 272 3764 cao.
292 3708 318 3756 1.
338 3707 379 3755 De
395 3705 419 3764 f.
438 3705 469 3757 0.
487 3701 530 3758 lb.
549 3703 582 3758 Τ.
600 3704 643 3757 ²2.
661 3715 687 3755 c.
705 3703 816 3756 est-2.

159 3789 184 3856 ²)
202 3797 262 3844 net.
280 3797 308 3843 s.
325 3790 368 3846 ro.
386 3793 418 3846 r.
437 3785 478 3845 ta.
498 3806 523 3846 o.
545 3793 602 3846 tos.

157 3877 245 3945 ³)cr.
264 3881 453 3944 canna-ue
471 3887 524 3935 no.
542 3872 620 3933 tneor.
638 3885 658 3934 1.
678 3885 705 3931 s.
724 3897 748 3932 ο.
769 3885 842 3946 aso.
860 3878 1333 3945 4.t'sn.rrso.p.1as—taura-

119 3978 199 4025 tor..
213 3977 255 4024 De
273 3975 329 4033 trra.
347 3975 447 4024 moder.
465 3976 483 4024 t.
505 3975 530 4025 t·
549 3987 574 4023 c.
602 3976 650 4024 1³.
676 3972 750 4036 Arrg.
768 3969 854 4023 vtnt.
873 3972 949 4022 1719.
969 3984 996 4036 p.
1015 3971 1063 4022 tta
1081 3983 1126 4023 ss.
1145 3995 1176 4006 -
1201 3971 1333 4022 Barth.

125 4062 303 4128 (taran-aa.
322 4063 497 4125 Sorrr.‚ttonc.
514 4065 609 4113 Annot.
627 4064 664 4110 ort
681 4068 736 4112 not.
755 4066 783 4110 a.
804 4061 870 4121 syn.
891 4061 947 4112 Vll.
959 4058 1135 4110 -Siatus
1154 4058 1241 4113 Seu.
1259 4061 1333 4109 Btbt.

124 4159 210 4204 sanct.
228 4157 248 4203 t.
268 4156 297 4204 5.
314 4167 378 4204 oron.
397 4155 424 4203 1.
441 4151 527 4217 Neap.
543 4151 616 4203 1112.
630 4149 661 4204 Τ.
680 4151 704 4200 2.
723 4163 751 4215 p.
768 4151 875 4204 563ae
888 4149 1010 4202 Thom.
1029 4153 1057 4200 1.
1076 4165 1101 4212 q.
1116 4152 1166 4201 110.
1184 4145 1333 4212 α.1.ορ[ι.

124 4241 159 4293 r.
173 4244 215 4294 ao.
234 4256 261 4308 p.
279 4243 330 4293 eso
347 4256 373 4295 a.
391 4258 416 4305 q.
435 4245 485 4313 ιι.
499 4246 530 4292 ι..
551 4246 578 4292 1.
596 4229 622 4305 ρ’.
640 4242 691 4292 sos
708 4255 733 4297 s,
747 4267 781 4277 -
798 4242 846 4293 su
860 4251 957 4301 arez,
984 4243 1025 4291 ue
1051 4243 1118 4300 aaa.
1147 4244 1167 4292 t.
1196 4243 1223 4290 ι.
1250 4253 1275 4290 c.
1302 4242 1332 4289 a.

122 4347 150 4382 n.
170 4335 199 4383 9.
218 4320 319 4382 Comus.
338 4332 367 4381 tn
385 4318 418 4382 2.'
430 4311 458 4389 a,
476 4333 511 4381 Β.
530 4332 620 4381 ΤΙιοιη.
638 4327 769 4392 Mogrrnt.
789 4331 865 4383 1620.
884 4343 909 4394 p.
929 4328 962 4377 21
981 4343 1004 4379 s.
1018 4329 1157 4380 —Dom
1174 4328 1332 4389 Bannea,

122 4423 156 4471 tn
175 4425 202 4474 1.
220 4437 246 4484 p.
265 4423 314 4471 51.
333 4436 358 4470 a.
379 4423 407 4474 1.
425 4421 663 4472 &Cunctsctrob
678 4422 777 4470 Gomon.
795 4422 824 4470 s'n
845 4422 871 4469 1.
887 4434 914 4476 n.
935 4420 1123 4470 Ttnnssluac.
1137 4418 1208 4467 totu.
1227 4430 1254 4482 p.
1272 4417 1332 4467 tus.

157 4506 183 4572 4)
202 4507 425 4570 cajetanus,
444 4511 476 4561 tn
493 4511 580 4566 Epist.
601 4512 637 4557 nrt
654 4512 752 4568 lintea.
770 4523 797 4559 r.
817 4511 843 4559 2.
864 4533 896 4544 —
916 4503 1153 4570 Errgubiuus,
1179 4511 1221 4559 De
1237 4520 1331 4566 perere.

119 4602 218 4658 ubilos.
237 4615 262 4652 c.
282 4603 321 4651 26
340 4617 375 4648 ss.

1086 4685 1129 4751 29
