2926 5168
1273 210 1335 292 105

124 372 188 437 sto,
206 361 376 428 immatura
392 374 496 428 morte
512 363 656 438 sublato,
679 363 809 429 dieitur:
832 373 955 446 Raptae
970 375 1035 449 eet,
1057 390 1098 433 ae
1121 375 1242 436 molitio
1259 393 1334 437 mu·

121 475 208 531 taret
225 470 417 532 intellectum
433 473 526 548 ejus,
549 477 607 531 out
625 490 666 532 rte
698 474 784 550 fiolto
813 471 974 551 desiperet
1009 480 1149 539 animum
1176 480 1263 542 illius
1288 479 1335 561 ¹);

124 593 186 638 neo
204 573 375 639 nouverha
396 573 606 639 deremiae
628 574 864 638 edSedeciem:
885 577 1336 648 Haeedlcillioms'nnseser·

124 684 246 743 rituum
252 725 265 760 ,
286 682 376 743 Deus
390 682 516 743 Israel:
537 679 576 745 Si
592 686 757 761 profectus
775 686 900 743 coieris
913 684 960 744 ml
968 691 1132 765 prinsipes
1152 692 1241 766 repis
1267 693 1336 751 ua-

125 786 270 867 bplom's,
292 790 374 848 ciret
388 790 497 849 animo
513 793 587 859 tua,
611 794 643 850 et
655 791 768 849 sicitas
789 787 869 848 loeo
887 807 952 850 reon
965 799 1179 855 succendetur·
1197 797 1288 872 iperi:
1305 802 1339 856 et

124 893 237 953 salsus
254 895 319 953 eris
337 898 387 967 tu,
416 898 448 953 et
470 893 583 954 domm
615 899 680 954 tua.
702 891 742 954 Si
757 899 863 955 autem
876 913 942 955 non
964 897 1089 959 exieris
1105 904 1150 958 od
1173 902 1334 978 principes

123 1000 213 1075 repis
231 997 429 1076 Babylonis,
451 998 597 1060 tradetur
612 1002 724 1060 civitas
738 1000 817 1059 hoec
836 1002 872 1060 in
888 1019 1006 1061 mansos
1033 1000 1283 1076 Chaldaeorum,
1306 1013 1338 1066 et

124 1108 320 1163 succendent
346 1123 416 1163 eom
431 1108 514 1181 spui:
535 1114 568 1165 et
587 1114 623 1164 ta
643 1123 709 1165 non
730 1108 865 1184 effopies
891 1111 932 1166 de
960 1124 1059 1166 mono
1086 1126 1194 1170 eorum
1226 1107 1264 1191 ²).
1294 1108 1339 1173 llo

125 1205 171 1270 ita
189 1204 266 1270 alibi
279 1205 413 1291 passim.
436 1207 527 1285 Quae
542 1206 649 1271 omnia
667 1218 790 1271 certam
813 1205 1005 1292 minimeque
1034 1209 1182 1286 dubiam,
1211 1224 1266 1276 aut
1294 1219 1338 1276 in·

124 1324 220 1377 certo
239 1311 339 1376 veluti
351 1324 470 1377 eventu
486 1333 677 1397 suspensam
696 1312 881 1397 exprimunt
897 1312 1043 1376 notitiam
1060 1335 1171 1378 rerum
1191 1316 1275 1380 haud
1291 1317 1337 1381 iu·‘

125 1429 291 1490 terarum,
315 1419 374 1481 sed
392 1438 474 1502 quae
493 1438 614 1483 revere
628 1417 734 1483 factae
752 1428 884 1490 essent,
907 1416 935 1481 si
956 1417 1010 1493 id,
1033 1420 1116 1483 unde
1146 1420 1338 1502 pendebant,

123 1523 238 1608 reipsa
264 1521 439 1588 evenisset.
469 1523 617 1601 Quodsi
641 1523 712 1606 quis
743 1542 866 1609 negare
903 1521 1017 1596 vellet,
1040 1523 1252 1588 veracitatem
1274 1526 1337 1590 Dei

124 1640 232 1716 neget
253 1648 391 1695 necesse
413 1640 474 1694 est.
497 1627 533 1693 ln
551 1628 662 1693 ultimo
681 1627 754 1692 loco
774 1626 907 1710 insuper
927 1646 1035 1690 sermo
1061 1640 1113 1692 est
1138 1628 1177 1691 de
1203 1628 1340 1696 scientia

119 1734 240 1800 divina
260 1753 370 1797 rerurn
391 1753 519 1808 earum,
543 1753 643 1818 quae,
671 1730 855 1797 conditione
882 1729 1034 1795 videlicet
1065 1753 1125 1797 sua
1145 1755 1264 1818 reapse
1284 1758 1339 1820 po·

115 1841 256 1914 nenda,
287 1858 406 1903 revera
423 1849 658 1903 consecuturae
682 1847 785 1900 erant.
808 1835 914 1914 Quam
942 1847 1049 1901 tamen
1073 1840 1290 1926 cognitionem
1306 1842 1338 1905 iu

112 1947 201 2010 Deo
219 1965 260 2009 ne
287 1965 369 2008 unus
396 1943 522 2029 quidem
547 1943 798 2029 Tlreologorum
827 1942 1089 2007 adversariorum
1115 1945 1262 2031 negavit,
1286 1968 1339 2010 so·
1446 1978 1451 1986 s

112 2051 293 2115 lummodo
310 2049 417 2122 illam.
440 2069 522 2134 quae
552 2050 592 2114 ad
616 2069 672 2113 res
694 2067 855 2132 nunquam
885 2066 1003 2131 reapse
1037 2047 1161 2113 futuras
1185 2049 1339 2125 refertur,

113 2158 274 2223 omuibus
290 2155 559 2241 impugnantibus.

211 2263 242 2342 β.
263 2261 416 2325 Patres
438 2272 545 2324 autem
568 2260 737 2325 scientiam
764 2259 982 2325 conditionate
1012 2264 1192 2322 futurorum
1209 2259 1241 2322 in
1264 2259 1338 2323 Deo

117 2391 164 2434 eo
184 2368 323 2442 docent,
344 2367 429 2452 quod
442 2367 589 2431 tradunt:
612 2367 718 2431 Deum
739 2366 915 2430 secundum
930 2363 1110 2428 Siracidem
1121 2385 1336 2450 progressum

117 2475 217 2540 vitae
229 2472 362 2539 infantis
380 2473 420 2536 ad
435 2472 670 2556 perfectionem
687 2471 876 2556 prohibere,
898 2490 939 2534 ne
956 2471 1041 2554 quod
1056 2469 1088 2532 vi
1108 2470 1256 2552 praescia
1274 2491 1338 2534 ma-

121 2580 194 2644 lum
212 2578 472 2643 animadversum
491 2590 544 2642 est
559 2577 591 2643 in
609 2598 673 2658 eo,
695 2576 748 2662 qui
765 2582 808 2641 ita
824 2576 969 2640 victurus
987 2572 1115 2656 fuisset,
1138 2572 1335 2658 perficiatur,

124 2697 160 2749 ut
183 2683 429 2770 Gregorius
450 2683 576 2766 Nyss.
599 2691 629 2757 ³)
653 2694 686 2747 et
708 2680 907 2765 Cyrillus
936 2680 1055 2744 Alex.
1078 2688 1125 2757 ῆς
1147 2700 1246 2763 porro
1274 2680 1336 2764 pri-

128 2811 217 2854 mum
233 2788 397 2853 hominem
416 2786 606 2872 aprincipio
625 2808 643 2851 e
659 2785 811 2870 paradiso
828 2785 999 2868 expulsum
1017 2804 1109 2860 esse,
1131 2790 1205 2869 quia
1227 2804 1270 2848 ex
1286 2786 1340 2848 ho·

130 2915 210 2960 nore
231 2894 294 2975 sibi
312 2893 471 2978 praestito
484 2893 629 2958 deterior
646 2891 782 2956 effectus
806 2901 913 2964 esset,
934 2889 963 2953 si
980 2900 1053 2973 post
1081 2902 1225 2973 spretum
1243 2888 1340 2954 viola·

128 3014 261 3086 tumque
279 2997 699 3072 mandatumimmotusille,
720 2994 911 3080 stabilisque
929 2995 1090 3068 durasset,
1103 3006 1138 3057 ut
1161 2993 1295 3078 Chrys
1308 3017 1340 3058 ο-

130 3118 291 3170 stamus
322 3107 370 3187 ὅ);
393 3101 518 3185 Tyrios
546 3112 579 3166 et
609 3099 763 3166 Sidonios
790 3119 833 3163 ex
870 3098 1055 3163 testimonio
1080 3099 1184 3184 ipsius
1208 3099 1338 3164 Domini

130 3225 266 3277 acturos
280 3208 382 3273 fuisse
392 3227 532 3294 magnae
539 3205 728 3272 humilitatis
738 3202 980 3291 poenitentiam,
990 3204 1018 3268 si
1033 3204 1066 3267 in
1075 3204 1123 3269 eis
1131 3204 1217 3269 facta
1226 3216 1339 3271 essent

127 3317 183 3382 illa
199 3315 294 3403 sigua
305 3314 481 3389 virtutum,
504 3325 539 3377 ut
559 3313 826 3400 Augustinus
849 3313 896 3394 6];
919 3321 1014 3396 atque
1042 3311 1146 3375 bonos
1168 3310 1261 3374 malis
1283 3311 1338 3374 ali·

129 3423 260 3508 quando
276 3419 406 3492 vexari,
429 3418 503 3505 quia
515 3418 597 3483 mira
614 3418 759 3503 potentia
772 3416 942 3502 praevidet
954 3417 1064 3491 Deus,
1086 3417 1170 3501 quod
1195 3415 1224 3480 si
1240 3414 1339 3500 quieti

128 3547 174 3592 ac
201 3525 293 3590 liberi
317 3525 349 3590 iu
371 3523 601 3609 tranquillitate
616 3522 850 3608 persisterent,
874 3521 1068 3585 tentationes
1080 3521 1168 3584 {erre
1185 3522 1338 3585 adversa·

126 3631 173 3697 rii
189 3653 252 3696 aon
265 3631 424 3706 valentes,
448 3628 566 3694 mentis
579 3628 736 3717 prostrati
752 3627 938 3693 vulneribus
949 3628 1108 3712 jacerent,
1124 3638 1160 3690 ut
1181 3625 1239 3690 Gr
1249 3646 1266 3689 e
1276 3645 1298 3712 g
1308 3646 1340 3690 o·

168 3957 381 4024 imam
938 4017 941 4024 ,

166 4043 191 4112 2)
210 4045 272 4098 ser.
286 4045 329 4110 as,
349 4047 457 4096 rr-n.
478 4044 522 4096 cr.
539 4047 566 4096 s.
583 4044 657 4107 neg.
681 4044 721 4105 ιι,
739 4043 764 4092 2.
784 4039 875 4092 mou.
891 4039 934 4101 aa,
955 4040 997 4091 ro.

164 4126 255 4202 ³),0r.
272 4139 306 4189 de
323 4138 419 4195 infant.
435 4151 539 4194 praem.
555 4143 633 4186 mort.
649 4135 717 4187 suot.
736 4131 807 4198 Opp.
824 4131 857 4182 Τ.
876 4131 900 4180 2
922 4143 949 4194 p.
968 4129 1027 4181 sot.
1045 4129 1104 4179 760.

165 4223 193 4292 ¹⁰)
210 4227 287 4279 vona
301 4228 411 4278 Julian.
426 4228 445 4276 1.
464 4229 492 4281 3.
511 4223 584 4290 0pp.
602 4224 636 4277 Τ.
650 4224 676 4275 0.
696 4224 728 4277 Ρ.
747 4222 773 4273 2.
795 4237 822 4288 p.
847 4222 892 4273 95.
909 4219 943 4271 Β.
971 4218 1011 4271 Gi.
1030 4215 1238 4284 Angustia.
1263 4217 1340 4270 Com.

120 4320 241 4377 Julian.
250 4318 404 4376 oms'mpcrs.
421 4318 440 4365 l.
455 4319 485 4367 1.
503 4331 528 4366 c.
548 4319 618 4367 119.
637 4313 707 4380 Opp.
723 4314 755 4366 Τ.
775 4316 817 4367 10.
835 4323 863 4365 o.
881 4311 940 4363 012.

167 4400 194 4471 ⁵)
212 4411 254 4459 ru
272 4409 373 4467 stara.
392 4422 417 4458 a.
436 4409 464 4456 a.
483 4406 553 4472 opp.
574 4405 608 4457 r.
629 4409 650 4456 r.
668 4418 693 4470 p.
712 4406 769 4456 roo.
788 4404 818 4453 u.

163 4489 192 4560 ⁶)
209 4501 253 4549 De
271 4501 333 4550 don.
348 4510 480 4554 persever.
500 4507 523 4546 o.
540 4499 568 4547 9.
587 4511 614 4548 n.
633 4497 682 4548 23.
701 4492 771 4559 0pp.
790 4493 823 4543 Τ.
841 4492 882 4543 10.
899 4503 923 4541 c.
940 4490 1000 4543 832.
1027 4488 1061 4544 Ε.
1080 4484 1121 4538 Cf.
1148 4492 1189 4541 lle
1207 4490 1342 4548 praedest.

120 4594 231 4644 Sanct-
250 4603 274 4636 c·
294 4590 320 4635 9.
339 4602 368 4639 rr.
388 4587 513 4636 11-18.
532 4585 565 4638 Τ.
584 4586 626 4637 10.
643 4596 668 4640 c.
683 4585 734 4636 802
748 4597 774 4634 st.
794 4595 819 4637 o.
840 4585 889 4636 14.
908 4597 937 4634 o.
957 4582 1005 4631 ³5.
1024 4591 1051 4631 0.
1069 4579 1132 4631 8³9.
