2926 5168
207 391 281 458 Non
303 390 411 480 agitur
432 402 538 456 autem
561 388 613 455 hic
635 387 675 455 de
697 384 760 454 fine
783 385 945 473 proximo,
968 405 1062 471 quem
1079 383 1216 474 aiagulia
1232 387 1330 452 reba·

125 499 246 566 croatia
267 499 359 565 Deua
380 495 579 587 praedocerit,
601 514 681 582 quaa
705 492 850 568 aciiicet,
872 492 949 559 licet
970 489 1075 557 media
1096 490 1251 575 aliarum,
1274 511 1329 557 ex-

125 602 229 689 ceptio
250 602 375 669 notaria
396 601 670 691 intelligentibus,
702 599 788 673 aiat,
818 597 912 663 cimai
940 607 1047 663 tamen
1069 593 1151 663 finea
1174 597 1236 665 eibi
1258 619 1330 685 pro·

123 692 214 796 prioa
235 707 457 794 praescripto·
477 707 598 777 habore
629 705 811 779 cernimuar
843 722 947 789 neque
979 703 1017 768 da
1049 702 1189 769 omnium
1219 702 1331 772 finiam

123 814 230 901 primo
252 834 290 882 ac
306 812 517 888 nobiliaaimo,
539 812 591 880 cui
604 810 718 898 reliqui
735 808 971 896 quodammodo
992 807 1174 876 innerviunt
1194 828 1234 876 ac
1255 810 1330 876 aub-

124 921 336 996 ordinantem
368 921 428 986 aed
458 920 566 1008 agitur
588 918 628 983 de
650 936 749 984 causa
774 913 884 983 uitima
912 933 951 979 ac
971 913 1123 999 propria,
1157 935 1220 1010 qua
1239 915 1331 981 Deua

124 1025 283 1092 addactua
304 1025 457 1093 mundum
479 1023 654 1099 creaverit,
676 1042 736 1087 aaa
757 1021 797 1086 de
818 1040 928 1085 rerum
950 1018 1014 1084 fine
1046 1017 1188 1087 omnium
1209 1020 1330 1097 ultimo,

124 1140 159 1203 et
178 1128 253 1194 ideo
276 1129 372 1197 etiam
394 1129 566 1207 commoni,
588 1127 640 1216 qui
663 1146 776 1194 omaea
798 1125 878 1192 alioa
900 1123 997 1191 aimei
1018 1124 1265 1211 comprehendit
1293 1146 1332 1194 ac

124 1235 264 1301 excedit

208 1338 283 1405 Non
313 1350 424 1427 poteat
450 1350 558 1407 autem
588 1337 717 1404 citimus
744 1336 797 1404 hic
830 1334 1005 1402 creationis
1037 1333 1130 1410 finio,
1162 1356 1222 1401 aaa
1251 1335 1332 1400 haec

123 1444 236 1509 ultima
256 1465 365 1511 rerum
388 1456 573 1512 creatarum
603 1442 686 1509 ratio
719 1453 814 1507 extra
842 1441 949 1506 Deum
984 1439 1105 1527 quaeri,
1132 1461 1229 1526 quam
1250 1440 1332 1526 ipae,

123 1558 236 1634 utpote
264 1547 392 1617 Bonam
419 1550 576 1617 infinitam
604 1548 636 1613 in
666 1568 714 1622 ae,
743 1546 786 1612 nii
818 1558 912 1613 extra
930 1565 967 1611 ae
995 1556 1151 1639 appetere
1179 1555 1275 1632 queat
1297 1547 1333 1631 ¹),

124 1665 159 1720 et
178 1664 355 1740 propterea
375 1654 418 1720 aii
438 1654 524 1721 aiiad
545 1673 643 1727 aee,
673 1673 768 1740 quam
790 1653 862 1739 ipaa
883 1672 1009 1717 aemma
1030 1650 1093 1717 Dei
1115 1650 1271 1737 perfectio
1294 1670 1333 1715 ac

124 1757 261 1824 ionitae.
282 1759 356 1824 Hoc
378 1759 462 1825 enim
484 1760 621 1826 intereat
640 1758 727 1824 inter
750 1769 934 1844 operantem
956 1757 1062 1823 Deum
1085 1768 1119 1822 et
1139 1768 1332 1831 creaturam,

124 1864 210 1951 qaod
232 1862 339 1929 omnia
360 1874 509 1930 creatura
530 1875 696 1951 operatur,
720 1875 759 1929 ut
780 1865 890 1930 bona
912 1863 984 1937 ait,
1006 1863 1029 1933 i.
1058 1883 1086 1928 e.
1108 1873 1144 1927 ut
1164 1862 1333 1948 perfectio·

124 1990 199 2035 nem
221 1968 368 2056 acquirat
388 1980 445 2034 ant
465 1981 650 2044 conterret,
671 1969 765 2035 Deae
779 1979 889 2034 autem
910 1979 1063 2053 operatur
1083 1978 1216 2044 tantum,
1239 1969 1333 2055 quia

123 2075 258 2139 bonae
286 2083 376 2154 eat,
404 2074 424 2139 i.
458 2094 486 2140 e.
515 2085 550 2139 ut
582 2074 818 2161 perfectionem
846 2094 939 2139 auam
977 2092 1047 2139 cum
1091 2072 1191 2140 reboa
1222 2071 1333 2150 finitio,

125 2179 231 2266 quoad
251 2176 323 2244 fieri
340 2188 460 2265 poteat,
482 2178 708 2254 communicet,
726 2192 760 2245 et
782 2178 830 2244 aic
851 2179 937 2244 iliam
959 2178 1000 2242 ad
1022 2188 1117 2243 extra
1138 2174 1333 2249 manifestet,

124 2305 199 2350 com
228 2282 300 2371 ipae
327 2282 443 2349 nariiiaa
472 2284 681 2369 perfectionis
709 2283 871 2373 indigeat,
910 2303 971 2349 nec
1000 2281 1087 2348 iilius
1109 2282 1334 2370 assequendae

108 2394 232 2474 'capax
254 2387 307 2453 ait.

208 2492 342 2561 creavit
361 2491 469 2580 itaque
490 2494 582 2559 Deua
604 2495 765 2567 mundum,
794 2492 869 2580 quia
898 2512 935 2558 ae
965 2505 1197 2581 tanquam-ena
1227 2490 1332 2576 perfe-

125 2595 306 2665 ctiaeimum
326 2596 368 2661 ad
388 2608 485 2663 extra
499 2597 666 2673 exhibere,
688 2596 762 2684 quia
778 2617 869 2661 auam
885 2596 1062 2665 bonitatem
1084 2619 1144 2663 eea
1164 2595 1334 2683 perfectio·

124 2723 198 2768 nem
232 2700 331 2768 rebua
361 2700 462 2767 finitia
489 2700 649 2788 impertiri
678 2702 790 2767 voiait.
820 2699 857 2766 ld
887 2701 993 2788 ipaum
1022 2713 1129 2768 autem
1157 2711 1249 2767 recte
1272 2713 1333 2778 eat,

125 2807 353 2896 qnod'doceat

251 2912 290 2976 A.
312 2911 374 2977 88.
396 2911 616 2985 Litterae,
655 2930 736 2997 quae
766 2909 897 2977 diaertia
928 2910 1039 2977 verbio
1061 2911 1202 2987 tradunt,
1223 2912 1329 2979 Deum

125 3016 279 3083 mundum
301 3016 496 3095 condidisse,
517 3027 613 3102 prout
634 3026 760 3092 exatat,
789 3027 826 3080 ut
858 3034 937 3080 auae
968 3014 1111 3080 infinitae
1144 3016 1335 3102 perfectioni

108 3120 357 3189 'convenienter
378 3133 514 3211 ageret,
536 3123 694 3208 hujusque
715 3142 779 3199 ren¹
792 3120 902 3188 finitae
924 3119 1100 3206 participe·
1122 3121 1278 3199 ediceret,
1301 3133 1335 3188 et

105 3226 203 3292 'hinc
224 3246 351 3313 qaoque
373 3228 479 3292 omnia
499 3229 569 3312 ejaa
591 3247 692 3313 opera
713 3225 783 3309 ejua
813 3225 967 3291 virtatem
995 3246 1034 3293 ac
1056 3227 1258 3312 majestatem
1279 3248 1334 3314 pt·

122 3334 292 3407 tofacere,
322 3342 417 3419 atque
450 3332 597 3399 hominen
625 3333 730 3399 teneri
757 3334 797 3399 ad
826 3330 1002 3403 bonitatem
1034 3333 1173 3400 divinam
1199 3335 1232 3400 in
1264 3336 1334 3421 ejaa

122 3435 282 3523 operibus
308 3437 563 3526 agnoscendam,
598 3459 720 3526 auaque
750 3438 869 3526 agendi
897 3437 1023 3504 ratione
1058 3439 1333 3508 manifestandam.

124 3541 302 3623 Uraiaeraa,
324 3541 496 3608 aitauctor
517 3543 860 3626 Proverbiorum,
880 3552 1053 3626 propter
1073 3553 1334 3631 semetipsum

120 3646 144 3713 i.
167 3645 367 3733 aquodam
389 3647 554 3733 perfectae
576 3660 636 3726 eat,
658 3661 795 3735 propter
816 3669 909 3714 auam
931 3647 1179 3733 perfectionem,
1210 3672 1272 3719 aon
1293 3655 1333 3720 of»

105 3750 255 3839 attquod
271 3763 439 3825 manum
454 3755 667 3831 commodum,
683 3764 834 3840 φανεῖσαι
848 3763 897 3822 eet
909 3756 1066 3820 Bomiooa
1083 3763 1118 3842 ¹).
1138 3760 1187 3824 Ift
1200 3780 1334 3839 emnem,

121 3855 231 3945 inquit
250 3857 379 3929 aomine
409 3858 557 3926 dehovae
579 3860 732 3936 laaiaa,
758 3866 815 3947 qui
841 3868 968 3926 evocat
992 3881 1106 3929 momen
1131 3885 1236 3930 mum
1247 3911 1261 3950 ,
1289 3872 1334 3933 in

120 3966 305 4047 ,loriam
326 3986 469 4042 meam,
490 3965 510 4029 i.
532 3987 560 4032 e.
583 3966 656 4054 quia
677 3967 782 4032 bonna
804 3987 894 4043 aum,
927 3977 960 4031 ct
981 3978 1016 4032 at
1037 3966 1165 4035 bonitas
1186 3991 1258 4037 mea
1280 3994 1333 4039 na·

123 4069 211 4137 mnia
243 4067 456 4135 rationalibua
491 4072 645 4156 patefiat,
683 4077 791 4138 creavi
826 4095 916 4155 eum,
946 4081 978 4137 et
1004 4078 1146 4156 formari
1174 4098 1245 4153 caim
1254 4124 1278 4160 ,.
1306 4087 1338 4144 ei

119 4180 194 4257 saei
219 4195 292 4239 eum
320 4182 363 4249 ¹).
391 4174 646 4243 Paeimieta:
686 4181 805 4245 Coeli
843 4188 1109 4244 enarrent
1149 4184 1334 4262 plotium

123 4278 217 4355 Dei,
239 4289 281 4344 et
300 4298 424 4359 opera
443 4300 635 4349 manuum
656 4289 752 4364 ejice
771 4287 997 4349 enitentia!
1012 4287 1333 4362 firmamentum.

162 4530 187 4598 ¹)
203 4530 293 4587 Prov.
312 4533 354 4594 ld,
372 4534 397 4585 a.

159 4622 188 4685 ἴ)
205 4618 245 4674 ΙΙ.
262 4621 305 4683 fid,
325 4622 352 4675 ⁷.
