2926 5168
248 368 414 437 Observ.
436 373 467 435 2.
489 372 617 431 Praeter
635 371 859 431 infinitam-Dei
888 371 1069 446 sapientiam
1092 371 1123 429 in
1143 370 1213 446 ojus
1238 372 1374 433 absoluta

166 473 310 535 libertate
326 484 356 535 et
377 495 445 537 curn
460 476 519 536 hac
540 477 701 561 conjuncta
715 477 877 536 sanctitate
894 494 1012 535 summa
1030 478 1226 555 conspicitur.
1241 476 1374 553 ejusdem

165 578 307 657 dignitas.
331 580 521 660 Quapropter
539 581 597 642 hac
610 581 712 641 divina
731 582 917 659 perfectione
933 583 1122 641 excitamur:

236 705 275 751 a.
298 696 330 746 ut
346 691 446 748 Deum
465 705 582 747 summa
595 690 793 747 veneratione
812 703 1051 770 prosequamur3
1074 695 1164 766 atquo

248 791 276 849 b.
299 799 350 862 nt,
373 811 463 870 quum
486 794 582 869 ipsius
607 793 771 869 imaginem
798 793 1018 869 praeferimus,
1052 792 1187 870 quotidie
1214 793 1319 870 magis
1341 792 1374 852 ad

130 879 133 883 ¹
166 898 298 964 liliorum
321 899 379 958 Dei
403 899 574 958 libertatem
598 916 652 975 per
680 897 791 956 ardens
817 914 853 955 ac
881 907 1025 957 constans
1054 899 1180 956 virtutis
1197 897 1332 957 studium
1348 906 1377 955 et

166 1004 411 1080 nominatimper
426 1004 473 1062 sui
489 1004 720 1080 abnegationem
737 1004 905 1072 enitamur,
928 1021 982 1079 spe
1005 1012 1105 1063 autem
1132 1022 1228 1064 vanae
1254 1014 1285 1063 ct
1311 1023 1375 1081 per·

166 1123 278 1166 versae
292 1108 462 1176 libertatis,
486 1127 575 1184 quam
595 1108 734 1167 homines
754 1108 898 1168 mundani
911 1108 1073 1186 anbelant,
1096 1128 1186 1186 quum
1202 1111 1246 1168 sit
1260 1111 1380 1186 propria

167 1212 269 1270 carnis
288 1213 441 1283 servitus,
463 1215 597 1275 animum
614 1233 765 1293 nunquam
782 1218 943 1278 lactemus.

447 1434 472 1516 i.
496 1430 561 1503 23.
588 1433 663 1504 1⁰.
686 1434 726 1504 d.
748 1429 1091 1504 sanctissimus.

249 1620 339 1686 ldcrn
355 1621 427 1707 ipse
446 1633 554 1686 tarnen
574 1624 681 1696 Deus,
705 1622 804 1708 quiin
823 1643 881 1687 sua
900 1622 1046 1691 efficacia
1065 1623 1212 1688 absolute
1229 1621 1313 1686 liber
1325 1641 1378 1686 ne·

169 1726 321 1813 cessario
333 1727 561 1814 cognoscitur,
584 1728 712 1794 mirrirne
730 1729 804 1793 ideo
822 1748 884 1794 ceu
899 1728 943 1804 is,
966 1729 1019 1815 qui
1046 1750 1146 1795 coeco
1172 1727 1265 1814 quasi
1293 1727 1376 1793 arbi-

172 1830 236 1895 trio
252 1844 346 1919 agat,
369 1832 577 1919 cogitandus,
601 1834 660 1899 sed
683 1834 790 1922 potins
819 1855 880 1899 nna
908 1846 1059 1922 tanquam
1087 1833 1267 1900 infinite
1296 1853 1381 1898 san·

171 1948 266 2001 ctus
287 1940 494 2003 venerandus
516 1951 577 2004 est.

253 2042 448 2131 intelligitur
463 2055 569 2109 autem
588 2045 648 2109 sub
664 2044 839 2110 sanctitate
860 2045 893 2109 in
906 2045 1035 2110 bomine
1053 2044 1132 2110 nihil
1154 2044 1261 2120 aliud,
1283 2064 1377 2130 quam

172 2157 324 2212 constans
341 2149 551 2225 amorrecti,
574 2163 665 2214 etex
683 2152 874 2215 bocamore
896 2152 1080 2235 procedens
1100 2148 1242 2215 studium
1268 2170 1381 2215 omues

172 2252 317 2316 actiones
338 2255 384 2317 ad.
397 2275 544 2320 normam
557 2256 642 2343 legis
660 2256 813 2332 moralis,
837 2275 897 2320 sen
913 2255 1088 2320 voluntatis
1107 2254 1235 2320 divinae
1253 2275 1382 2341 compo·

173 2357 277 2421 nendi.
299 2357 391 2422 Unde
413 2359 631 2424 sanctitas
659 2360 702 2423 in
734 2359 842 2433 Deo,
872 2357 926 2444 qui
950 2378 1097 2425 normam
1115 2359 1201 2448 legis
1229 2371 1328 2425 extra
1348 2380 1384 2424 se

172 2461 291 2526 nullam
311 2463 428 2538 habet,
451 2465 511 2528 sed
529 2463 600 2549 ipse
621 2464 683 2529 sibi
707 2475 759 2527 est
778 2464 850 2538 lex,
880 2475 949 2528 est
978 2484 1028 2529 ex
1055 2485 1211 2530 summo
1242 2484 1293 2531 ac
1319 2464 1382 2530 im·

176 2567 377 2646 mutabili
398 2569 511 2633 recti
533 2568 775 2634 achonesti
798 2588 939 2633 amore
956 2569 1158 2634 absolute
1181 2569 1384 2655 perfecta

179 2670 427 2763 liberrimae
450 2672 702 2738 voluntatis
725 2675 817 2758 ejus
839 2693 928 2739 curn
958 2673 1295 2759 sapientissima
1326 2693 1384 2739 co·

173 2776 662 2863 gnitioneconsensio‚
701 2800 761 2844 scu
794 2779 869 2843 illa
907 2780 1108 2845 absoluta
1143 2778 1384 2865 perfectio,

176 2901 254 2967 qua
276 2883 389 2947 Deus
412 2883 686 2968 semetipsum
717 2895 916 2969 tanquam
939 2905 1134 2950 summum
1154 2886 1324 2960 bonnm,
1347 2894 1385 2948 ct

176 2987 405 3071 speciatim
432 2999 630 3075 tanquam
659 2988 880 3054 infinitam
915 2989 1181 3074 sapientiam
1210 2987 1384 3055 infinite

177 3091 350 3180 diligit,
373 3093 634 3172 etornneid,
671 3095 777 3180 quod
815 3114 905 3160 cum
931 3092 1012 3158 illa
1039 3093 1264 3171 convenit,
1295 3114 1386 3179 pro·

177 3207 332 3280 pterea
362 3219 570 3283 nunquam
592 3196 670 3262 n'on
703 3219 816 3284 quarn
837 3197 1017 3263 maxime
1044 3200 1199 3285 probat
1220 3211 1264 3264 et
1284 3199 1385 3272 vult,

177 3313 305 3388 atque
338 3303 493 3377 omnia,
527 3324 630 3389 quae
660 3304 802 3370 eidem
832 3316 1094 3392 repugnant,
1126 3314 1385 3370 constanter

162 3427 230 3477 ‚ac
252 3409 455 3479 absolute
477 3407 762 3494 improbatae
784 3420 1025 3479 aversatur.

162 3496 165 3501 ⁵
252 3513 464 3599 conspicitur
482 3513 589 3599 itaquo
617 3513 775 3579 sanctitas
797 3512 905 3579 diviua
926 3513 1031 3599 primo
1055 3514 1089 3580 in
1108 3514 1234 3595 infinito
1243 3564 1253 3571 ..
1265 3533 1385 3589 amore,

161 3640 239 3706 ¹quo
253 3621 402 3685 voluntas
420 3618 528 3684 divina
546 3638 606 3703 pro
621 3618 769 3683 absoluta
787 3616 852 3682 Dei
870 3617 1072 3703 perlectione
1087 3620 1304 3698 necessario,
1325 3639 1387 3687 non

162 3725 304 3812 ¹quidem
322 3724 522 3791 necessitate
540 3723 720 3789 coactionis
737 3745 776 3790 ac
798 3723 990 3801 violentiae,
1013 3730 1069 3789 sad
1087 3724 1244 3792 naturalis
1257 3724 1386 3790 inclina·

177 3829 295 3903 tionis,
317 3830 349 3894 in
371 3831 601 3895 omnebonum
620 3848 659 3893 ac
676 3830 849 3894 honestum
868 3830 908 3893 ab
924 3831 995 3914 ejus
1008 3828 1131 3894 infinita
1147 3829 1308 3914 sapientia
1326 3849 1386 3895 co·

177 3935 301 4022 gnitum
319 3936 438 4010 fortun
463 3947 496 4000 et
510 3934 624 4000 deinde
641 3934 672 3997 in
692 3936 838 4019 ejusdem
855 3934 1021 3999 liberrima
1045 3955 1084 4000 ac
1110 3934 1302 3999 immutabili
1319 3936 1385 4017 fici

176 4042 262 4123 λησι,
285 4048 350 4109 beor
375 4042 495 4124 obicint
526 4040 642 4122 frates!
670 4040 959 4124 accerbaberlldpm
988 4028 1132 4118 ibelim,
1154 4040 1261 4105 omnis
1285 4040 1387 4115 illius,

178 4147 263 4229 quod
280 4167 339 4230 pro
357 4167 416 4209 sua
433 4143 670 4230 perfectissima
686 4144 899 4235 intelligentia
914 4157 1067 4231 tanquam
1082 4146 1202 4210 bonum
1230 4158 1266 4211 et
1289 4147 1384 4211 bone·

179 4259 265 4314 stum
285 4249 468 4338 cognoscit,
485 4251 660 4336 etquidem
686 4261 869 4336 propterea,
893 4251 966 4337 quia
983 4250 1060 4316 illud
1075 4251 1204 4335 {bonum
1226 4273 1267 4319 ac
1292 4252 1385 4317 bone·

178 4365 265 4418 stum
295 4355 366 4420 scit
390 4355 474 4420 ilinc
490 4354 648 4421 sanctitas
670 4354 703 4420 in
723 4356 796 4420 Deo
814 4376 916 4442 aeque
938 4355 1129 4422 necessaria
1158 4377 1197 4423 ac
1219 4356 1383 4422 liberrimo

179 4472 231 4524 est
238 4507 251 4541 ,
273 4459 319 4525 ita
334 4472 464 4536 tamen,
485 4471 520 4525 ut
534 4480 659 4526 summa
673 4460 728 4525 ilia
746 4461 779 4525 in
796 4444 913 4526 borium
927 4463 1082 4537 naturalis
1109 4462 1307 4548 propensio,
1327 4481 1383 4545 seu

179 4586 270 4631 amor
288 4566 417 4632 honesti
432 4565 465 4632 in
477 4565 551 4632 Deo
565 4588 630 4633 non
650 4567 743 4652 prior
755 4567 922 4634 liberrima
935 4566 1114 4637 voluntatis
1131 4566 1279 4635 efficacia
1302 4564 1382 4653 cogi·
