2926 5168
123 212 185 287 tat

123 365 245 431 nitatis·
255 362 420 449 proprius,
444 375 501 428 est
534 363 679 451 Angelos
702 363 1104 449 enimtantumtanquam
1125 363 1199 429 oet
1212 386 1332 431 servos

123 490 161 534 ac
184 469 316 544 amicos,
337 480 534 553 nostrosque
555 469 794 534 benefactores.
813 469 1031 542 bonoramu's3
1054 478 1176 555 neque,
1190 524 1193 531 .
1205 474 1331 558 prendo

123 596 267 639 amorem
289 595 327 639 ac
348 573 975 660 venerationem'iisdem'praestamus,
1008 594 1065 648 ea,
1089 597 1195 662 ,quaet
1212 576 1278 662 Dei
1300 590 1332 642 et

123 679 244 744 Christi
266 689 352 758 sunt,
375 678 415 741 ad
437 699 501 742 eos
517 678 753 762 transferimus,
773 679 894 764 optime
916 679 1071 757 scientes,
1093 681 1256 766 praesidia
1280 702 1331 746 an·

123 785 228 872 gelica
260 783 438 848 aDomino
470 783 563 848 nobis
594 804 670 849 esse
704 789 898 869 comparata.
928 785 1055 849 Deinde
1076 787 1235 874 'Angelos
1269 808 1329 852 uon

122 890 327 965 invocamus,
360 909 399 954 ac
430 888 458 952 si
487 888 591 952 nostri
623 888 687 952 sint
709 888 790 952 'veri
812 909 850 955 ac
872 889 996 975 proprii
1025 890 1236 967 mediatores,
1269 912 1328 977 quo

123 1015 222 1058 sensu
244 993 370 1059 scilicet
390 992 542 1059 christus
557 996 647 1057 ‘unus
668 993 831 1057 Mediator
851 994 915 1058 Dei
936 1006 970 1059 et
991 995 1153 1060 bominum
1176 998 1328 1071 eat‚·sed

123 1099 322 1163 solummodo
344 1111 494 1186 tanquam
511 1097 750 1162 intercessores
766 1108 800 1161 et
820 1097 1021 1163 orationibus
1036 1100 1106 1165 suis
1123 1102 1206 1186 apud
1224 1102 1328 1167 Deum

123 1205 297 1289 adjutores,
320 1225 379 1268 seu
400 1203 597 1268 mediatores
620 1200 840 1275 secundarios,
863 1202 998 1287 quinos
1020 1225 1222 1290 nequaquam
1244 1207 1330 1272 redi-

120 1308 211 1374 mere
232 1312 292 1373 aut
303 1309 486 1395 justificare
508 1328 547 1373 ac
568 1307 771 1374 sanctificare
794 1308 937 1393 possint,
966 1310 1026 1372 sed
1054 1311 1186 1375 nonnisi
1220 1311 1327 1397 pr‘eci-

120 1415 180 1479 bus
201 1415 448 1500 applicationem
480 1410 669 1479 meritorum
692 1412 816 1478 christi
848 1425 882 1478 et
908 1413 1047 1498 gratiam
1076 1415 1218 1480 divinam
1252 1417 1327 1483 obti-

120 1539 197 1584 nere
219 1519 356 1600 valeant.
378 1520 470 1598 Quae
491 1519 569 1583 item
592 1519 654 1583 SS.
676 1518 868 1583 Litterae
884 1530 937 1582 sat
957 1519 1045 1584 clare
1067 1520 1242 1597 insinuant,
1267 1523 1327 1587 88.

120 1623 276 1688 Patres
299 1623 450 1688 continuo
472 1635 615 1698 monent,
638 1636 672 1687 et
694 1621 893 1688 Concilio
914 1624 1123 1710 praecipiunt

202 1729 287 1794 Nam
308 1735 340 1792 in
360 1731 421 1794 SS.
443 1729 630 1793 Litteris
651 1750 714 1793 non
736 1741 859 1793 tantum
881 1730 1064 1794 mandatum
1086 1729 1148 1794 soli
1166 1730 1242 1796 Deo
1265 1753 1329 1796 ser»

120 1835 226 1899 viendi
249 1834 274 1916 1)
297 1833 496 1914 continetur,
525 1837 583 1900 sed
605 1847 639 1900 et
658 1835 900 1920 Apostolus
929 1856 1091 1920 expresse
1122 1837 1243 1901 cultum
1265 1836 1329 1901 illo.-

120 1961 191 2003 rum
213 1940 384 2023 reprobat,
413 1938 467 2023 qui
487 1938 578 2004 falsis
608 1939 848 2004 Platonicorum
869 1939 1072 2023 opinionibus
1093 1940 1207 2005 imbuti
1236 1962 1328 2006 ›asse-

123 2046 245 2118 rebant,
269 2044 401 2129 majoris
424 2065 499 2109 esse
522 2044 716 2132 dignationis
741 2042 941 2119 Christum,⁴
962 2065 1000 2110 ac
1018 2045 1157 2134 lastigii,
1179 2059 1330 2132 quaerut

122 2151 161 2214 de
189 2149 311 2214 nostris
342 2151 442 2214 rebus
473 2149 554 2240 adiri
584 2149 710 2234 possit,
743 2161 776 2213 et
806 2149 987 2234 sequestris
1018 2170 1057 2215 ac
1077 2150 1329 2237 interpellatoris

121 2267 233 2340 partes
262 2254 293 2319 ei
315 2255 565 2330 demandentur,
596 2254 731 2338 ideoque
761 2253 958 2319 mediatores
988 2255 1101 2321 unicos
1131 2257 1330 2322 adhibendos

122 2381 198 2425 esse
219 2360 379 2448 Angelos,
399 2358 513 2446 quales
531 2370 625 2423 erant
645 2358 836 2440 Simoniani,
858 2359 1092 2435 Me‘nsndriani,
1115 2360 1329 2426 Valentiniani

123 2476 156 2529 et
178 2463 378 2530 cerinthiani
401 2472 446 2536 ης
469 2474 564 2548 atque
586 2464 733 2550 Angelus
755 2466 931 2539 loannem,
960 2465 1012 2549 qui
1034 2464 1087 2540 illi,
1109 2465 1172 2529 sibi
1188 2465 1328 2530 terribili

123 2591 194 2634 cum
217 2568 389 2652 splendore
411 2568 596 2653 apparenti,
626 2569 679 2632 vel
702 2567 773 2652 quia
795 2567 961 2633 Christum
988 2589 1064 2633 esse
1089 2571 1327 2657 suspicabatur,

124 2675 175 2738 vel
198 2674 306 2737 subito
328 2693 367 2738 ac
390 2673 502 2755 majori
523 2674 659 2758 quodam
678 2673 816 2737 horrore
828 2675 1019 2758 perculsus,
1042 2696 1105 2739 uon
1126 2677 1275 2762 cogitato
1294 2697 1329 2741 ec

123 2779 286 2853 meditato,
309 2777 428 2842 cultum
448 2777 590 2842 divinum
612 2777 755 2842 tribuere
777 2778 888 2853 voluit,
918 2789 1069 2843 moneta
1091 2781 1219 2866 coeptis
1242 2781 1328 2847 desi-

123 2895 212 2947 stere
239 2882 290 2946 his
317 2881 442 2946 vernis:
479 2885 578 2957 Vide,
608 2903 649 2944 ne
666 2916 669 2919 ·
686 2886 826 2960 feceris:
856 2902 1031 2946 coaternus
1070 2891 1144 2947 tutta
1160 2913 1161 2916 ¹
1176 2908 1271 2962 sum,
1300 2894 1328 2949 et

120 2993 263 3064 fratrum
285 2997 411 3050 tuorum
432 2991 615 3050 laedentium
635 2991 845 3049 testimonium
865 2989 958 3075 glesu.
973 2991 1084 3052 ‘Dotem
1104 2992 1210 3054 adoro
1233 2999 1271 3067 ⁸).

206 3091 261 3158 Ex
285 3077 582 3158 SS.⁴Patribus
604 3090 743 3156 sufficiat
764 3091 1044 3178 Augustinum
1068 3095 1259 3182 allegasse,
1281 3093 1327 3180 qui

88 3242 90 3247 «
124 3198 251 3265 scribit:
272 3201 478 3262 Honoramus
500 3219 555 3260 eos
575 3201 747 3273 charitate,
781 3219 845 3260 non
866 3206 1037 3272 servitute,
1067 3221 1128 3261 neo
1149 3207 1197 3263 eis
1220 3208 1327 3282 tempta

124 3308 337 3367 construimus
368 3301 402 3384 (i.
437 3322 465 3366 e.
496 3300 740 3385 consecramus)
772 3303 808 3384 4).
838 3305 957 3365 Nolunt
984 3308 1127 3367 estimes
1154 3312 1202 3367 stc
1231 3309 1326 3368 bono·

124 3415 193 3474 rari
223 3434 243 3472 a
271 3414 361 3471 nobis
370 3454 382 3488 ,
412 3415 488 3487 puta
515 3429 576 3470 nos
603 3411 709 3486 ipsos,
742 3429 812 3469 eom
843 3411 916 3470 done·
946 3428 1072 3482 sumus,
1105 3412 1223 3490 templo
1251 3431 1325 3472 som·

125 3522 167 3579 mt
188 3518 248 3578 Det
271 3535 342 3576 esse
371 3524 529 3576 noverunt
540 3512 575 3594 ⁵).
598 3510 777 3577 Concilium
796 3511 1074 3577 Laodicenum
1092 3534 1119 3576 a.
1135 3512 1207 3581 320.
1226 3525 1323 3578 autem

160 3713 184 3770 1)
202 3709 287 3758 Deut.
305 3711 330 3768 6,
352 3709 393 3758 13.
413 3709 454 3767 10,
472 3708 516 3760 20.
535 3704 636 3754 Mattb.
657 3704 681 3763 2,
702 3707 742 3755 to.
763 3703 802 3754 Gt.
821 3702 882 3756 Gal.
904 3703 929 3765 t,
947 3705 972 3755 8.

160 3795 183 3862 ²)
202 3796 305 3856 (1012,
325 3798 366 3849 18.
386 3795 428 3846 Gt.
448 3793 641 3857 chrysost.
661 3797 738 3844 Hom.
759 3798 784 3845 1.
803 3796 832 3844 in
851 3794 900 3848 ΕΙ).
920 3796 957 3842 ad
969 3795 1030 3844 'Get
1050 3812 1075 3846 n.
1099 3798 1122 3849 t.
1147 3794 1221 3860 opp.
1241 3796 1273 3847 Τ.
1292 3794 1323 3842 11.

127 3901 153 3952 p.
172 3889 228 3938 372.
241 3913 271 3924 -
285 3883 557 3952 Tbeopbylaot.
575 3888 607 3936 ts
625 3886 676 3942 ltu.
695 3888 732 3934 ad
749 3885 807 3937 cot.
828 3886 856 3944 2,
878 3884 925 3933 18.
944 3882 1015 3948 opp.
1034 3883 1065 3934 T.
1084 3886 1109 3936 2.
1127 3898 1153 3949 p.
1175 3885 1261 3936 tsa.·=

159 3970 184 4035 ³)
203 3956 411 4041 spontem.
431 3977 473 4034 22,
492 3977 517 4025 o.
533 3972 575 4024 ct.
599 3973 797 4038 augustin.
817 3974 892 4024 conc.
911 3975 1004 4024 naute.
1023 3975 1043 4022 1.
1063 3975 1112 4026 ao,
1132 3989 1159 4025 ο.
1186 3978 1237 4025 21.
1264 3973 1323 4039 op.

127 4066 157 4116 Τ.
177 4067 204 4117 8.
224 4078 247 4117 c.
266 4067 325 4115 317.
345 4069 432 4117 serm.
452 4068 521 4116 101.
543 4067 579 4115 11
603 4064 702 4116 divers.
727 4077 753 4113 c.
778 4064 806 4117 8.
828 4061 859 4113 Τ.
878 4063 903 4112 5.
920 4073 949 4111 c.
987 4060 1062 4112 1108.
1083 4064 1192 4126 Quaeat.
1218 4065 1249 4114 tn
1267 4066 1322 4115 Ges

129 4160 155 4206 1.
176 4172 201 4218 ᾳ.
223 4159 269 4206 61.
291 4155 323 4205 Τ.
348 4157 372 4207 3.
395 4155 427 4205 Ρ.
454 4154 478 4204 l.
504 4167 528 4204 c.
546 4153 607 4203 393.
632 4177 665 4188 -
682 4152 859 4202 Albanas.
885 4153 983 4202 Or.³2.
1010 4154 1072 4201 ada.
1097 4153 1194 4204 Arios.
1230 4167 1257 4205 tt.
1279 4151 1321 4201 st.

127 4238 197 4310 0pp.
215 4243 247 4297 Τ.
266 4245 289 4294 1.
308 4243 340 4293 Ρ.
369 4246 391 4293 1.
410 4257 437 4308 p.
456 4243 528 4293 [191.

160 4330 186 4395 4)
200 4333 246 4385 Cf.
265 4336 341 4387 cont.
360 4338 454 4387 Fauor.
475 4336 493 4384 ἱ.
511 4349 536 4382 ο.
768 4377 770 4381 .
1010 4377 1014 4383 .

162 4418 186 4485 ⁵)
204 4427 245 4474 ne
264 4440 320 4475 ser.
339 4425 418 4483 rem.
442 4436 466 4474 a
492 4426 542 4473 as.
568 4439 595 4474 a.
623 4425 692 4474 ιω.
719 4421 752 4474 a.
781 4425 804 4473 t.
831 4434 856 4472 c.
887 4422 945 4473 sss.
965 4425 1005 4474 ns
1024 4423 1076 4487 css.
1094 4405 1130 4474 o,
1150 4426 1171 4472 ι.
1191 4426 1218 4472 s.
1237 4439 1263 4473 c.
1281 4421 1318 4473 st.

129 4531 154 4565 n.
175 4517 202 4564 3.
213 4515 244 4565 T.
265 4516 288 4563 7.
312 4527 336 4565 c.
354 4513 414 4563 236.
433 4513 528 4564 lrcn.
548 4513 623 4563 cont.
643 4516 718 4564 taer.
735 4516 754 4562 t.
774 4515 844 4562 200.
863 4514 1004 4563 32111.
1024 4524 1049 4575 p.
1070 4511 1321 4576 lod-Orlgen,

129 4604 206 4656 Cast.
226 4604 298 4656 Cels.
317 4609 335 4658 t.
353 4606 383 4656 8.
403 4619 431 4654 π.
451 4603 498 4655 13.
519 4600 588 4668 opp.
607 4602 642 4658 Τ.
661 4603 687 4657 1.
702 4614 731 4669 p.
751 4598 1084 4671 TAL-Eueebdtem.
1108 4603 1163 4655 Ito.
1177 4606 1198 4654 1.
1215 4604 1246 4656 3.
1263 4613 1286 4653 c.
1298 4598 1320 4647 t.
