2926 5168
1269 215 1331 323 ¹³³

117 365 259 449 fenerat,
280 369 317 429 ul
335 370 435 428 esset:
463 364 644 428 inritamen
666 372 698 426 et
725 366 864 427 eumilo
885 371 984 440 essu,
1019 373 1064 430 ita
1085 387 1157 431 esee
1178 369 1332 452 debelat3

122 479 155 537 a
174 492 245 536 eum
263 473 308 534 ita
329 492 402 534 eoae
412 473 487 551 jam
507 490 570 532 non
590 473 718 543 sinitur,
733 471 807 549 jani
827 491 893 533 non
907 472 998 535 delet
1017 477 1062 534 itu
1076 493 1150 534 esee
1157 519 1170 555 ,
1190 495 1331 557 perpe·

122 583 192 639 tuo
221 583 394 662 quolam
423 587 461 639 et
489 576 725 657 tranquillo
762 579 1007 658 aequitatis
1026 580 1219 654 juricio,
1256 576 1332 663 quo

121 680 233 745 Deus
254 686 395 746 cuneta
416 679 625 742 mutabilia
646 679 892 741 immutabili
912 687 1123 746 uoluntate
1137 684 1274 765 disponit
1289 683 1328 769 1).

208 786 371 849 Observ.
393 789 424 852 2.
447 788 521 847 cust
543 786 628 844 Deus
651 785 692 843 sit
714 785 929 846 immutabilis:
1303 856 1314 871 a

208 893 235 956 1.
256 892 424 953 Promissis
447 891 556 950 divinis
578 889 774 977 oonfidentes,
799 889 947 951 solatium
967 890 1153 965 ualeamus,
1176 895 1231 973 qui
1252 912 1331 953 eorr-

116 999 265 1076 fuaimne
294 997 340 1058 ad
365 995 534 1062 tenendum
561 995 763 1076 propositam
791 1013 896 1076 opens,
926 1012 1021 1075 qnam
1048 996 1132 1056 aiem
1159 1000 1332 1060 anctorum

120 1103 276 1165 &lemur
297 1107 422 1164 animae
443 1107 555 1180 tutona
577 1119 615 1161 ue
631 1101 776 1180 pinnam,
799 1109 831 1164 et
851 1099 1039 1165 incidentem
1060 1119 1162 1183 usque
1184 1108 1229 1164 aa
1248 1105 1332 1165 inte·

121 1211 213 1272 rtara
233 1206 399 1270 nehminie
419 1205 458 1288 ²).

208 1315 238 1384 2.
258 1314 356 1379 Bonis
383 1312 504 1377 caducis
536 1312 624 1390 hujus
655 1323 757 1374 terrae
796 1331 947 1391 nunquam
980 1313 1147 1385 inhiemus,
1177 1317 1335 1393 praeterit

123 1423 207 1484 enim
224 1421 333 1503 paura
353 1417 449 1494 laius
478 1421 592 1482 mundi
620 1414 649 1500 3)
660 1461 673 1497 ,
704 1407 963 1480 thesaurizantes
990 1417 1081 1479 nolis
1107 1417 1278 1479 ruaauror
1298 1422 1333 1480 in

123 1524 227 1587 coeto:
249 1523 425 1606 aliaeque
445 1543 576 1602 aeruao,
597 1542 700 1605 raeque
720 1527 806 1586 &neu
824 1523 1005 1601 demolitur,
1027 1529 1060 1584 et
1079 1522 1246 1603 ubifures
1267 1544 1333 1585 uon

123 1630 286 1709 effodiunt,
307 1630 541 1702 necfurantur
563 1629 613 1712 ⁴J;
633 1630 670 1690 td
688 1632 781 1703 euim,
803 1630 888 1712 quod
901 1633 936 1690 in
948 1629 1112 1706 praesenti
1127 1639 1175 1690 est
1195 1648 1331 1692 momen·

122 1742 264 1814 ranam,
286 1740 318 1795 et
337 1735 404 1797 leoe
425 1733 639 1798 tribulationie
659 1740 800 1807 nostrae,
821 1753 922 1812 eupra
941 1733 1066 1794 modam
1086 1736 1121 1794 in
1141 1733 1335 1795 sullimitate

121 1847 286 1903 aeternnm
304 1837 429 1918 portae
446 1845 574 1919 pondus
595 1845 746 1916 operatur
766 1840 801 1902 iu
822 1838 922 1901 uottr.
949 1838 1026 1900 Non
1051 1837 1332 1916 contemplantibus

121 1946 228 2025 nome,
250 1963 333 2024 uuae
352 1934 508 2008 utaentur.
534 1941 624 2020 Quae
641 1946 725 2005 enim
745 1944 902 2023 uideretur,
926 1943 1115 2021 temporalia
1134 1952 1230 2007 eunt:
1252 1963 1334 2026 queue

124 2058 231 2114 autem
251 2069 318 2113 non
335 2055 494 2128 uidentur,
519 2056 652 2111 aeterna
673 2054 755 2112 aunt.
776 2046 815 2130 ὅ).
855 2034 858 2039 ’

207 2159 237 2223 3.
260 2157 408 2222 arundini
432 2166 521 2216 vento
544 2157 678 2234 agitatae
704 2173 853 2232 nunquam
883 2156 978 2214 simus
999 2156 1138 2227 similes,
1162 2158 1212 2234 qui
1233 2159 1332 2216 Deum

122 2264 342 2326 immutabilem
364 2262 544 2346 adoramus3
566 2261 619 2323 sed
642 2263 733 2324 animi
757 2261 945 2322 constantiae
967 2279 1002 2323 oo
1025 2261 1162 2322 firmitati
1193 2263 1332 2323 omnibus

122 2371 243 2430 viribus
266 2369 452 2433 studeamus.

453 2562 483 2635 s.
508 2553 572 2626 13.
595 2551 631 2624 3.
654 2553 696 2638 o)
718 2551 1020 2623 Aeteunns.

208 2708 501 2792 immutabilitatis,
533 2729 628 2794 quam
650 2707 881 2793 exposuimus,
914 2727 1026 2772 comes
1058 2727 1097 2771 ao
1119 2707 1333 2793 complemen-

124 2828 194 2885 tum
218 2827 269 2881 est
291 2814 476 2883 aeternitas.
497 2815 724 2880 Aeternum
741 2824 850 2878 autem
867 2811 918 2876 vei
938 2812 1167 2897 sempiternum
1187 2831 1230 2876 ox
1248 2831 1333 2876 com·

123 2921 213 2992 muni
233 2943 295 2989 usu
317 2919 465 3006 loquendi
488 2920 617 3005 proprie
639 2908 766 2994 dicitur,
789 2918 874 3004 quod
895 2938 999 3002 neque
1016 2917 1151 2992 initium,
1173 2929 1208 2981 ut
1231 2929 1333 2991 esset,

124 3028 256 3100 amant,
285 3047 388 3112 neque
410 3045 544 3091 cessare
564 3035 675 3111 potest
702 3044 840 3110 unquam
872 3042 956 3088 esse.
992 3023 1127 3102 Quando
1149 3019 1234 3085 enm
1255 3041 1333 3085 non·

123 3154 286 3224 uunquam
313 3133 387 3199 ioco
407 3153 531 3214 semper
555 3149 615 3196 seu
634 3139 756 3213 tempus
777 3150 868 3195 omne
878 3174 892 3212 ,
922 3149 984 3214 quo
1011 3148 1067 3192 res
1090 3126 1193 3212 aliqua
1223 3146 1332 3211 perse·

162 3357 187 3416 ¹)
205 3353 388 3412 Arsinoite.
406 3367 432 3415 a.
450 3354 479 3403 2.
497 3367 525 3402 n.
543 3353 572 3402 2.
592 3353 664 3401 un.
683 3349 716 3400 Τ.
734 3349 759 3398 6.
777 3361 803 3399 o.
822 3348 884 3399 112.
913 3347 968 3396 iii.
987 3344 1030 3397 Gi.
1058 3349 1100 3397 De
1118 3347 1171 3397 eiu.
1189 3347 1224 3395 D·
1243 3347 1263 3397 1,
1283 3347 1332 3396 22.

125 3461 151 3498 c·
171 3447 200 3498 2.
220 3460 245 3496 n.
265 3451 293 3494 1.
311 3441 344 3494 Τ.
363 3443 388 3493 7.
408 3453 433 3492 o.
451 3441 510 3491 666·
530 3443 548 3490 t.
568 3442 617 3491 15.
637 3455 663 3490 o.
682 3442 731 3491 26.
751 3452 777 3492 c,
797 3440 847 3490 'auo
865 3451 891 3489 s.
909 3433 1052 3511 Euctirirt.
1072 3450 1095 3484 c.
1116 3437 1164 3485 33.
1184 3450 1211 3484 η.
1232 3437 1280 3483 10.
1299 3432 1332 3482 Τ.

125 3535 151 3584 o.
171 3545 196 3583 o.
214 3532 275 3583 200.
295 3532 372 3583 Cant.
389 3532 525 3582 Adimam.
544 3541 569 3582 c.
587 3532 636 3579 11.
656 3533 705 3580 to.
724 3527 756 3580 Τ.
775 3529 800 3579 6.
820 3540 844 3578 c.
874 3525 923 3577 122
953 3537 977 3576 s.
1005 3525 1080 3575 Cout.
1099 3514 1207 3574 Artoers.
1225 3525 1291 3582 beu.
1310 3528 1336 3570 et

125 3626 249 3681 hautot.
278 3627 297 3674 t.
325 3625 350 3671 t;
376 3635 403 3672 e.
428 3622 476 3670 20.
495 3634 522 3670 n.
547 3622 599 3669 40.
619 3617 651 3669 Τ.
676 3619 702 3667 8.
729 3630 754 3667 e.
779 3617 840 3665 671.
867 3619 922 3665 etc.
941 3640 973 3650 -
992 3612 1147 3679 Origen.
1165 3615 1278 3663 Eatort.
1297 3613 1336 3660 ud

126 3720 235 3774 martur.
254 3728 279 3763 rr.
300 3715 328 3762 0.
347 3708 419 3775 opp.
438 3708 471 3764 Τ.
492 3709 514 3757 1.
533 3721 560 3772 p.
577 3708 637 3757 200.
664 3708 740 3757 Curat.
765 3707 846 3756 Cels..
866 3706 884 3752 t.
901 3706 930 3752 4.
956 3718 982 3754 n.
1002 3705 1038 3752 15
1057 3719 1078 3751 e.
1097 3715 1123 3766 ρ.
1142 3702 1193 3750 610
1211 3715 1235 3750 a.
1256 3701 1336 3749 tium.

126 3807 155 3855 8.
174 3805 204 3855 in
220 3803 309 3853 Exul.
327 3815 355 3852 n.
374 3804 402 3850 5.
421 3799 453 3849 Τ.
470 3798 495 3849 2.
514 3810 542 3862 p.
563 3796 612 3848 150
630 3795 764 3848 0.-Ρο.
783 3790 920 3844 tostin.
941 3793 1049 3856 Quaest.
1069 3791 1106 3838 tad
1119 3791 1221 3839 orthod.
1240 3805 1264 3851 p.
1284 3792 1334 3839 36.

126 3890 201 3958 Opp.
219 3888 363 3941 lustin.
383 3889 538 3953 10188.-
557 3881 717 3936 Tertull.
742 3885 818 3934 Com.
842 3883 975 3932 Marcion.
1003 3882 1021 3930 t.
1050 3880 1077 3929 2.
1096 3892 1121 3929 a.
1141 3881 1190 3929 21.
1211 3876 1281 3943 Opp.
1300 3876 1336 3928 V.

126 3985 152 4036 2.
172 3994 201 4046 p.
218 3981 271 4032 202
288 3974 612 4031 ss-nneodoret.
631 3976 662 4024 tu
681 3974 748 4024 Gen.
766 3987 791 4033 u.
810 3967 944 4033 impp.
964 3969 997 4021 Τ.
1017 3969 1040 4018 1.
1059 3981 1086 4032 p.
1105 3967 1147 4018 13.
1165 3992 1199 4002 -
1216 3964 1334 4017 iiiiau.

126 4074 159 4123 ta
176 4067 224 4121 Pr.
241 4085 267 4121 n.
287 4071 316 4121 2.
334 4084 361 4120 n.
381 4068 505 4118 12-10.
527 4065 651 4114 11-18.
670 4059 740 4126 Ορρ.
758 4058 791 4111 Τ.
811 4060 835 4108 1.
855 4071 880 4108 e.
898 4059 943 4109 37.
963 4072 990 4109 s.
1008 4060 1041 4109 30
1059 4055 1101 4109 ss.
1128 4082 1161 4096 -
1190 4053 1332 4106 laidus.

125 4157 276 4225 Hispal.
294 4160 371 4211 sent.
390 4161 410 4210 1.
430 4160 456 4207 1.
475 4171 498 4208 a.
517 4158 546 4204 5.
565 4152 636 4219 Ono.
655 4165 680 4215 p.
700 4151 760 4203 015.
787 4173 822 4186 -·
844 4149 1002 4211 Gregor.
1021 4147 1062 4199 Μ.
1080 4149 1179 4198 Morut.
1199 4148 1219 4197 t.
1240 4147 1290 4196 12.
1309 4161 1333 4195 o.

131 4255 179 4309 10.
198 4267 225 4303 n.
245 4252 295 4300 14.
313 4248 384 4316 ooo.
402 4245 436 4298 ’1.
456 4247 481 4300 1.
501 4257 527 4296 o.
544 4245 604 4295 300.
622 4246 640 4294 t.
659 4245 708 4295 20.
727 4257 754 4293 ο.
773 4243 821 4291 32.
840 4253 867 4291 n.
885 4238 996 4290 62-61.
1016 4251 1042 4291 o.
1060 4239 1110 4289 665
1127 4250 1168 4290 ss.

159 4337 185 4405 ²)
203 4334 294 4390 Heba.
310 4340 337 4398 6,
357 4338 396 4386 17.
418 4338 458 4392 18.

159 4424 185 4494 ³)
206 4432 230 4480 ι.
248 4427 314 4480 cor.
332 4429 358 4488 r,
375 4428 418 4478 ar.

159 4516 189 4581 i)
206 4515 310 4571 nattis.
328 4519 355 4577 6,
371 4518 414 4569 20.

160 4601 186 4672 ⁶)
204 4610 231 4660 2.
250 4607 318 4661 Cor.
336 4608 362 4670 lt,
381 4609 422 4662 17.
442 4607 482 4662 16.
