2926 5168
129 223 169 293 ld

127 380 280 441 odoerm
319 378 463 441 ludaeos
497 381 543 463 ¹);
571 376 858 464 Augustinus,
897 378 1066 441 Troototos
1092 379 1246 441 aduersus
1266 379 1338 442 Ju-

125 487 221 547 doeoo
240 487 290 569 π);
313 483 589 570 Gergoutius,
613 504 681 559 seu,
704 483 805 548 utalii
822 481 974 568 judicant,
995 481 1333 549 PalladiusAle-

125 588 376 663 xaudriuus,
391 591 570 670 Disputatio
590 611 661 650 eum
677 590 969 653 Herdanoludaeo
988 595 1041 673 Ἣ
1064 587 1337 668 Anastasius,

123 695 234 759 Abbas
256 693 509 758 Palaestinensis
531 693 698 758 Adon-soa
706 695 1086 775 ludaeosde‘sputatr'ones
1103 698 1131 754 V
1145 691 1172 782 ⁴)
1183 692 1336 765 ;dulia·

125 823 198 865 uus
219 798 473 876 Poletanus,
498 806 614 864 Contra
630 800 773 862 Jndoeoo
795 802 868 862 tion·
881 801 940 861 111
955 804 992 880 ⁵).
1317 802 1322 826 ¹

195 904 389 970 'Gentilibus
426 914 459 966 et
497 902 631 967 Judaeis
669 903 700 968 in
750 903 966 990 impugnando
1004 903 1144 990 genuino
1174 905 1338 993 dogmate»

125 1007 310 1075 Christiano
326 1029 363 1072 se
385 1007 494 1071 statim
516 1009 647 1072 saeculo
667 1008 773 1093 primo
801 1010 1015 1093 adjunxerunt
1038 1008 1199 1085 Gnostici,
1221 1011 1336 1077 haere-

125 1116 262 1180 ticorum
291 1113 385 1200 primi
418 1113 554 1188 surculi,
587 1112 663 1177 licet
692 1125 724 1177 et
751 1113 813 1199 ipsi
835 1113 942 1200 magis
974 1114 1014 1178 ad
1044 1124 1220 1191 externos,
1243 1139 1338 1203 quam

125 1221 269 1285 internos
298 1218 472 1285 Christiani
495 1216 633 1282 nominis
651 1219 764 1283 hostes
781 1218 979 1304 pertineant;
1010 1241 1083 1284 nam
1104 1221 1257 1306 dogmata
1278 1246 1337 1288 sua

126 1345 169 1390 ex
178 1325 325 1390 orientali
346 1323 549 1409 philosophia
559 1324 711 1408 pleraque
723 1325 916 1414 hauserunt,
939 1325 1338 1412 quibustantumspeciem

126 1431 284 1517 quandam
306 1431 494 1518 dogmatum
516 1428 775 1494 Christianorum
798 1431 1060 1516 praetenderunt,
1082 1431 1187 1496 ideam
1211 1436 1337 1503 redem-

126 1534 224 1602 tionis
257 1535 427 1619 systemati
458 1555 518 1598 suo
549 1534 842 1599 adcommodantes.
875 1535 1042 1605 Haeretici
1064 1548 1171 1602 autem
1193 1539 1243 1615 hi,
1266 1542 1335 1628 qui,

129 1662 166 1706 se
188 1641 279 1706 solos
302 1640 481 1714 scientiam,
504 1647 618 1723 prototo,
647 1659 757 1704 rerum
787 1640 967 1705 divinarum
986 1640 1117 1717 babere,
1134 1644 1337 1728 jactitabant,

124 1748 199 1814 inde
220 1746 316 1811 etiam
338 1745 490 1811 Gnostici
512 1745 677 1832 adpellati,
700 1747 935 1811 substituerunt
957 1747 1114 1831 mysterio
1143 1749 1204 1813 SS.
1227 1750 1338 1815 Triui-

125 1853 202 1918 tatis
225 1864 258 1917 et
280 1850 454 1917 creationis
476 1863 664 1916 naturarum
686 1851 912 1927 invisibilium,
935 1872 995 1914 seu
1016 1852 1225 1938 Angelorum,
1249 1875 1337 1925 ema·

125 1958 288 2025 nationem
310 1978 445 2023 aeonum
469 1976 487 2021 e
509 1956 649 2021 Numine
672 1959 809 2042 quodam
836 1957 1162 2042 incomprehensibili,
1185 1962 1336 2028 mundum

127 2063 284 2129 visibilem
308 2084 325 2126 e
347 2063 483 2127 materia
492 2074 625 2127 aeterua
647 2063 820 2128 lormatum
844 2083 941 2138 esse,
963 2063 1218 2142 contendebant,
1242 2078 1339 2152 atque

128 2173 198 2257 ejus
219 2169 426 2243 creationem,
449 2169 501 2232 vel
524 2168 632 2253 potius
641 2167 864 2234 formationem
887 2190 951 2234 non
973 2168 1069 2234 unico
1091 2189 1129 2233 ac
1151 2190 1231 2234 vero
1253 2171 1338 2247 Deo,

128 2276 186 2340 sed
208 2273 301 2339 aeoui
324 2273 433 2350 alicui,
454 2274 507 2338 vel
531 2273 700 2361 demiurgo
723 2274 925 2349 tribuebant,
949 2287 982 2339 et
1008 2275 1093 2350 ideo,
1117 2275 1265 2361 quoniam
1298 2276 1338 2341 de

124 2380 259 2448 materia
280 2381 363 2444 male
386 2379 583 2456 sentiebant,
618 2381 854 2445 matrimonium
884 2381 1097 2466 spernebant,
1130 2400 1168 2444 ac
1189 2402 1338 2446 resurre-

123 2486 263 2552 ctionem
285 2505 459 2570 corporum
481 2485 652 2571 negabant.
675 2484 790 2564 Quoad
811 2506 983 2570 personam
999 2483 1122 2549 Christi
1145 2485 1197 2550 alii
1219 2487 1338 2554 Jesum

125 2613 184 2677 pro
206 2612 296 2655 mero
319 2589 447 2654 homine
469 2588 668 2664 habueruut,
693 2588 744 2652 cui
767 2609 803 2652 se
826 2609 908 2653 aeon
932 2589 1058 2674 quidam
1080 2589 1154 2655 inde
1185 2613 1203 2655 a
1232 2592 1335 2678 bapti·

123 2717 194 2764 amo
216 2716 316 2782 usque
339 2695 380 2760 ad
400 2693 584 2779 passionem
602 2693 760 2779 junxerit,
783 2694 836 2759 alii
857 2714 949 2768 vero,
973 2714 1107 2759 aeonem
1132 2694 1236 2778 ipsum
1249 2717 1335 2771 esse,

121 2802 315 2875 censebant,
340 2798 391 2885 qui
415 2800 453 2863 ad
478 2797 621 2882 speciem
651 2808 775 2862 tantum
807 2799 978 2864 humanam
1008 2810 1160 2864 naturam
1188 2799 1336 2865 induerit.

122 2905 325 2992 Quapropter
346 2903 483 2979 Patres,
507 2902 559 2986 qui
580 2914 728 2988 tempore
758 2903 1008 2980 Gnosticorum,
1039 2906 1193 2992 dogmata
1221 2907 1335 2971 Eccle-

122 3012 190 3079 siae
221 3009 485 3098 depravantium,
521 3008 692 3082 vixerunt,
723 3009 896 3094 praecipue
919 3010 959 3074 ad
998 3010 1031 3073 id
1059 3009 1258 3086 adnituntur,
1298 3023 1334 3076 ut

121 3118 313 3192 ostendant,
347 3136 461 3181 verum
490 3135 529 3179 ac
557 3113 722 3204 proprium
754 3113 944 3196 principium
970 3114 1139 3203 religionis
1176 3113 1334 3206 Christia-

122 3245 182 3289 nae
205 3222 384 3289 doctrinam
408 3242 467 3285 seu
488 3219 762 3306 praedicationem
788 3218 960 3286 Ecclesiae
992 3239 1088 3295 esse,
1118 3232 1228 3301 utpote
1252 3243 1333 3307 quae

121 3329 163 3396 sit
183 3326 425 3416 praedestinata
448 3325 596 3391 columna
619 3337 652 3389 et
672 3324 909 3390 firmamentum
930 3324 1096 3399 veritatis,
1119 3336 1215 3410 atque
1237 3347 1336 3392 uuum

123 3454 310 3520 supremum
330 3431 436 3496 Deum
468 3450 543 3494 esse
570 3428 773 3496 Creatorem·
794 3430 902 3494 muudi
928 3428 1066 3494 visibilis
1097 3443 1130 3494 et
1151 3430 1336 3508 invisibilis,

121 3541 243 3626 absque
265 3539 329 3605 ullo
351 3536 548 3612 mediatore,
571 3535 751 3623 Demiurgo
775 3534 992 3623 siveAugelo,
1007 3536 1162 3600 honestas
1183 3556 1258 3600 csse
1281 3560 1336 3602 rru-

122 3645 219 3735 ptias,
242 3644 375 3730 darique
395 3641 674 3707 resurrectionem
697 3653 906 3718 mortuorum,
928 3652 1023 3727 atque
1045 3662 1141 3705 unum
1165 3663 1240 3707 esse
1262 3663 1336 3707 euu-

121 3752 257 3837 demque
275 3750 389 3812 desum
412 3747 590 3821 Christum,
612 3745 789 3811 indivisum
798 3758 831 3811 et
851 3746 1120 3832 inseparabilem,
1139 3747 1336 3836 unigenitum

121 3855 184 3925 Dei
207 3855 342 3931 Filium,
370 3853 423 3939 qui
452 3873 548 3927 vere,
582 3872 646 3916 non
675 3852 785 3936 specie
821 3862 962 3928 tantum,
991 3853 1088 3917 homo
1121 3849 1242 3928 factus,
1265 3876 1336 3940 pas·

122 3983 178 4029 sus
200 3982 239 4028 ac
261 3970 406 4025 mortuus
429 3959 472 4026 sit
493 3978 553 4043 pro
575 3963 677 4022 salute
700 3971 828 4034 nostra,
859 3967 893 4022 et
919 3958 994 4024 ideo
1025 3978 1137 4023 verum
1166 3959 1273 4028 Deum
1303 3972 1337 4028 et

127 4133 400 4152 m

157 4238 177 4309 ¹)
194 4239 238 4293 lb.
257 4253 286 4306 p.
300 4239 448 4291 manos.

154 4323 179 4395 ¹)
198 4329 266 4397 opp.
278 4329 310 4382 Τ.
328 4331 403 4381 aa.
425 4327 535 4380 ao-to.

153 4413 179 4483 ³)
198 4419 230 4470 lu
246 4416 383 4470 Biblioth.
401 4431 476 4469 max.
492 4418 550 4470 PP.
571 4415 702 4482 Lugduu.
721 4415 753 4468 Τ.
767 4417 793 4467 6.
809 4430 836 4481 p.
856 4415 1032 4468 tota-toto.

153 4505 178 4573 ¹⁰)
196 4509 228 4560 lu
247 4509 331 4574 Aug.
350 4507 439 4572 Mali
458 4506 529 4559 Coll.
545 4519 610 4558 nov.
625 4510 681 4557 vet.
699 4503 803 4572 Sorlpt.
824 4502 860 4555 Vs
873 4506 898 4554 7.
914 4504 949 4556 tt-
967 4508 990 4557 1.
1008 4519 1036 4570 p.
1060 4506 1206 4561 tot-m.

154 4594 376 4664 ⁴)1notattotu.
393 4594 675 4661 mox.PP.hugdun.
694 4594 728 4652 Τ.
747 4595 787 4645 12·
807 4606 834 4660 p.
852 4595 996 4647 ott-ooo.
