2926 5168
189 244 210 316 ,8

139 374 145 386 ⁶
184 422 290 477 renr,
321 413 354 465 et
385 400 464 465 hinc
487 402 584 464 etiam
615 402 783 465 historiam
806 402 1010 493 'l'lreologiae
1043 405 1245 494 dogmaticae
1274 406 1399 470 intres

185 505 350 570 sectiones
373 526 433 571 seu
454 506 609 593 periodos
633 507 832 592 dispescere.

266 611 482 677 Periodus
510 613 641 698 prima
679 634 738 677 seu
769 614 1023 694 patriitica‚
1048 635 1066 678 a
1096 613 1229 679 Christo
1258 615 1399 679 Domino

184 737 284 801 usque
306 717 347 780 ad
369 717 508 781 medium
531 739 654 783 aevum.
677 757 717 767 -
740 718 942 784 Christus
964 720 1165 784 Dominus
1186 720 1258 805 ipse
1281 719 1399 785 doctri·

183 841 257 886 nam
281 842 393 900 suam,
425 824 598 890 occasione
622 825 746 900 oblata,
777 827 872 890 modo
904 825 1060 910 simplici,
1089 826 1217 913 populo,
1241 827 1280 890 ad
1303 846 1398 912 quem

184 927 287 991 verba
317 928 481 1005 faciebat,
510 931 769 1006 adcommadato‚
801 931 871 996 sine
903 930 998 996 ommi
1030 930 1207 996 scientifico
1231 933 1398 1016 adparatu,

184 1053 246 1118 quo
269 1033 353 1097 haud
384 1034 569 1122 indigebat,
602 1049 714 1121 utpote
738 1038 789 1123 qui
815 1048 885 1101 erat
906 1037 977 1122 ipsa
999 1037 1141 1113 veritas,
1172 1049 1206 1101 et
1226 1037 1299 1101 ideo
1322 1038 1397 1101 edo-

183 1139 287 1212 cebat,
310 1145 396 1204 sieut
412 1149 601 1222 potestatem
632 1146 754 1207 haberes
763 1189 776 1224 ,
810 1147 842 1225 ¹)
866 1144 1001 1207 verbum
1032 1142 1117 1207 vitae
1140 1163 1270 1217 omnes,
1303 1149 1396 1224 quot-

182 1257 258 1326 φησι
278 1245 472 1325 receperam!
492 1269 573 1310 seru.
596 1244 633 1333 ²)
658 1285 697 1293 —
720 1247 867 1331 Simplex
889 1267 1013 1333 quoque
1037 1259 1106 1311 erat
1131 1247 1313 1320 methodus,
1336 1265 1399 1330 qua

184 1350 388 1433 Apostoli
417 1350 452 1426 in,
478 1350 624 1416 doctrina
650 1353 796 1416 revelata
827 1354 982 1417 tradenda
1011 1352 1062 1416 usi
1084 1363 1166 1416 sunt.
1198 1352 1264 1415 Pro
1287 1350 1398 1413 broda-

181 1466 292 1519 mento
315 1455 525 1520 institutionis
548 1476 627 1521 suae
650 1457 817 1521 historiam
836 1458 1020 1522 Salv-atonis
1043 1457 1212 1531 collocant,
1237 1477 1330 1542 quem
1352 1475 1400 1519 ex

183 1559 344 1624 vaticiniis
367 1560 406 1624 V.
430 1560 482 1635 T,
505 1561 536 1625 in
559 1561 779 1647 ipsoexitnm
802 1563 925 1637 nactis,
948 1575 1043 1650 atque
1065 1558 1302 1637 miraculisab
1323 1561 1398 1647 ipso

180 1665 333 1750 patratis,
355 1665 552 1750 promissum
568 1668 725 1732 Messiam
747 1680 841 1754 atque
864 1669 1062 1756 unigenitum
1085 1669 1148 1733 Dei
1169 1667 1284 1733 Filium
1307 1687 1397 1741 esse,

102 1827 105 1835 ,
181 1772 372 1845 ostendunt,
406 1772 664 1859 doctrinamque,
695 1774 829 1860 abipso
853 1774 1018 1851 traditam,
1050 1772 1287 1839 narrationibus
1326 1771 1398 1835 suis

181 1876 346 1951 intexunt,
375 1877 566 1954 autetiam,
599 1882 695 1965 p'rout
717 1880 748 1944 in
771 1880 917 1964 epistolis
940 1881 1083 1957 faciunt,
1116 1882 1190 1945 data
1212 1878 1399 1966 opportuni·

180 1991 258 2057 tato,
281 2003 325 2048 ex
345 1983 504 2049 industria
526 1997 702 2071 exponunt,
724 2007 788 2050 noo
808 1992 843 2050 in
861 1990 1128 2069 persuasibilibus
1148 1993 1263 2060 verbis,
1285 1987 1399 2048 sedin

181 2095 362 2154 ostensione
393 2097 542 2174 spiritus,
573 2105 606 2156 et
626 2099 767 2165 virtutis,
793 2104 827 2156 ut
859 2093 956 2158 fidem
979 2093 1141 2157 hominum
1168 2114 1231 2156 non
1259 2091 1398 2155 humana

180 2193 354 2278 sapientia,
385 2197 444 2260 sed
475 2195 508 2258 vi
530 2196 638 2262 divina
660 2197 728 2281 niti,
753 2196 1000 2285 intelligeretur.
1023 2207 1052 2276 8)
1074 2200 1226 2262 Attamen
1242 2199 1310 2281 jam
1332 2195 1400 2280 ipsi

180 2301 221 2364 ad
244 2301 405 2387 dogmata,
429 2301 474 2366 uti
496 2303 536 2366 de
558 2323 731 2389 corporum
754 2304 1015 2379 resurrectione,
1048 2304 1223 2367 denostra
1238 2299 1398 2385 justifica·

165 2404 267 2470 tione
290 2426 329 2470 ac
351 2407 655 2491 praedestinatione,
685 2421 798 2474 contra
820 2409 1082 2474 adversariorum
1105 2407 1305 2492 objectiones
1328 2405 1398 2470 vin-

181 2509 327 2588 dicanda,
351 2532 389 2576 ea
410 2513 515 2599 magis
536 2513 710 2598 explicare,
729 2514 906 2577 eorundem
928 2512 1177 2598 possibilitatem
1201 2522 1295 2596 atque
1321 2531 1397 2574 cum

180 2616 336 2701 sapientia
353 2638 392 2683 ac
413 2618 583 2683 sanctitate
602 2618 707 2682 divina
729 2618 972 2705 congruentiam
994 2629 1175 2681 monstrare
1197 2627 1365 2704 coguntur.

267 2720 328 2800 oui
353 2723 520 2807 Apostolis
544 2744 736 2788 successere
769 2724 958 2809 Scriptores
990 2722 1224 2796 ecclesiastici,
1256 2721 1395 2785 Patrum

181 2826 433 2911 apostolicorum
456 2831 583 2894 nomine
607 2830 834 2907 condecorati,
857 2842 892 2894 ut
914 2829 1108 2896 Clemens
1132 2828 1253 2903 Rom„
1277 2828 1396 2913 lgna·

182 2932 270 2996 tius
291 2933 346 3010 tto,
369 2934 653 3021 Polycarpus,
675 2938 868 3011 Hermas,
899 2935 1014 3022 quibus
1033 2944 1209 3000 accensent
1227 2943 1395 2997 auctorem

182 3037 350 3122 epistolae,
372 3059 453 3125 quae
473 3041 507 3103 S.
528 3040 746 3106 Barnabae
768 3040 897 3106 nomine
920 3040 1156 3116 circumfertur,
1181 3038 1395 3126 apostolicum

181 3143 307 3208 dicendi
335 3144 561 3232 scribendique
594 3167 698 3235 genus
728 3147 859 3221 imitati,
889 3147 959 3211 sine
989 3143 1185 3212 adcuratiori
1207 3145 1394 3232 dogmatum

181 3249 361 3315 divinorum
384 3250 611 3337 ¹disquisitione
633 3252 795 3327 instituta,
827 3266 922 3338 atque
956 3253 1068 3317 ordine
1091 3248 1279 3335 systematis
1310 3249 1393 3312 baud

134 3432 137 3439 Ι
181 3367 323 3432 servato,
334 3357 393 3421 sed
403 3367 499 3441 prout
513 3376 635 3435 eorum,
655 3358 844 3444 quibuscum
866 3358 1014 3447 agebant,
1027 3357 1182 3446 exigebat
1198 3353 1392 3427 necessitas,
1408 3429 1411 3434 Ι

181 3475 236 3527 aut
263 3463 390 3527 ferebat
418 3463 560 3539 occasio,
583 3484 767 3529 sermonem
790 3463 933 3528 habuere
961 3465 1000 3528 de
1029 3463 1128 3527 rebus
1156 3461 1272 3525 divinis
1307 3460 1393 3544 stylo

182 3566 319 3653 simplici
340 3579 373 3632 et
392 3569 430 3633 ab
454 3580 568 3634 ornatu
595 3554 741 3654 quaesito
764 3590 877 3636 vacuo.
898 3571 973 3634 Non
1001 3568 1085 3633 enim
1106 3567 1198 3632 hisce
1220 3565 1302 3631 viris
1328 3577 1394 3628 tam

182 3673 272 3739 cordi
302 3684 389 3749 erat,
417 3686 452 3739 ut
483 3674 670 3749 scientiam,
703 3696 797 3761 quam
819 3674 945 3760 potius,
979 3685 1014 3737 ut
1035 3672 1121 3736 vitae
1150 3670 1395 3737 sanctimoniam

183 3778 267 3842 inter
296 3779 445 3844 homines
475 3792 724 3866 promoverent;
748 3792 781 3844 et
803 3781 877 3845 hinc
897 3780 1058 3844 malebant
1076 3777 1238 3842 Christum
1263 3778 1396 3866 ejusque

150 3933 153 3942 .
183 3883 377 3972 religionem
396 3885 500 3974 magis
522 3907 559 3951 re
576 3906 615 3951 ac
639 3886 712 3963 vita,
737 3898 804 3952 tum
826 3886 858 3951 in
880 3906 936 3963 se,
959 3897 1027 3951 turn
1049 3885 1080 3949 in
1108 3882 1178 3950 aliis
1201 3880 1396 3968 exprimere,

152 4043 154 4049 .
185 4010 278 4075 quam
298 4011 414 4056 ornare
433 3989 568 4055 adscitis
587 3993 750 4076 adparatu.

269 4095 408 4159 Saeculo
427 4095 467 4160 ll.
485 4117 564 4162 vero
583 4119 677 4183 quum
698 4098 808 4184 plures
829 4107 950 4172 essent,
974 4094 1037 4183 qui,
1058 4092 1233 4182 disciplinis
1252 4092 1397 4181 profanis

185 4200 287 4286 probe
310 4200 440 4278 exculti,
464 4199 597 4270 Christo
621 4223 737 4270 nornen
760 4203 946 4291 dedissent3
976 4214 1070 4290 atque
1094 4200 1299 4270 Christianae
1320 4198 1398 4267 fidei

180 4371 441 4396 m

222 4462 244 4530 ¹)
263 4461 366 4517 uasto.
386 4467 411 4527 r,
429 4468 470 4519 as·

218 4551 244 4618 ²)
262 4556 347 4609 ioan.
366 4558 391 4619 h,
412 4560 443 4610 to
460 4572 503 4612 ss.
524 4556 548 4622 l,
569 4555 609 4613 12.

219 4637 244 4708 ³)
264 4647 288 4705 t.
306 4647 374 4701 cor.
392 4651 420 4712 2,
438 4648 453 4700 lt
472 4663 498 4701 s.
