2926 5168
113 347 273 412 internum
295 348 475 423 conficiunt.
498 347 623 413 Etenim
642 369 737 432 quum
760 347 850 411 Deus
870 367 983 411 omncs
1006 345 1225 430 perfectiones
1247 345 1318 409 sine

115 452 215 517 limite
233 474 271 518 ac
291 453 353 519 fine
370 461 400 518 in
417 476 453 519 se
471 454 654 527 contineat,
678 465 773 535 atque
789 473 901 516 omnes
916 473 973 516 res
996 463 1145 524 creatae,
1168 449 1318 536 quidquid

120 559 333 644 perfectiouis
349 561 484 636 habent,
508 558 578 642 ejus
602 557 846 643 participatione
874 578 932 622 seu
955 555 1245 621 communicatione
1264 557 1317 621 lra-

114 665 231 738 beant3
262 677 296 728 et
332 665 404 730 idco
430 664 500 748 ipse
523 663 567 727 sit
588 663 715 728 bonitas
744 663 815 749 ipsa
838 675 871 727 et
888 663 960 727 sona
982 664 1137 728 bonorum
1160 660 1318 744 omnium,

114 790 175 834 seu
207 769 335 835 Bonum
367 791 545 845 srrrrrmurn,
566 767 691 832 Bonum
717 773 837 854 ipsum:
868 768 962 833 Deus
991 769 1075 833 sibi
1097 766 1320 833 sussicien-

114 874 338 950 tissimus,
360 875 776 958 summamajestate
800 875 1074 960 conspicuus
1103 893 1147 938 ac
1176 894 1321 957 supre-

112 1001 206 1044 rnus
227 1001 375 1044 rerum
397 980 576 1046 orrnnium
598 979 814 1061 Dominus,
838 992 870 1044 et
891 979 1180 1044 beatissimus
1205 978 1248 1044 sit
1270 998 1322 1042 ne·

111 1082 212 1180 cesse
230 1096 291 1151 est,

200 1186 307 1255 Deum
335 1189 396 1255 sibi
425 1211 499 1256 esse
519 1189 829 1255 sufficientissimum
858 1209 897 1253 ac
919 1189 1003 1255 nuda
1020 1209 1156 1274 prorsus
1173 1210 1208 1255 re
1228 1200 1323 1257 extra

109 1315 152 1359 se
179 1294 345 1379 indigere,
369 1288 487 1359 docent

242 1400 279 1463 Α.
304 1399 434 1485 disertis
470 1399 580 1467 uerbis
610 1400 673 1462 88.
706 1399 917 1474 Litterae,
948 1419 1028 1484 quae
1056 1400 1203 1474 tradunt,
1227 1398 1325 1464 statui

106 1504 227 1567 divino
246 1524 349 1588 neque
367 1525 425 1589 per
441 1505 541 1588 probe
557 1496 660 1589 neque
671 1524 729 1587 per
748 1503 830 1567 maie
847 1503 932 1566 iacta
948 1504 1117 1588 quidquam
1135 1526 1233 1589 posse
1252 1505 1325 1569 addi

102 1609 169 1673 vei
191 1608 353 1697 derogari.
376 1609 632 1692 Sipeccaceris,
654 1608 701 1675 ait
718 1621 831 1675 auctor
853 1607 925 1672 lilrri
948 1609 1045 1684 tot,
1076 1613 1181 1692 quid
1199 1616 1233 1672 ei
1254 1631 1325 1672 aa·

102 1713 252 1778 cedis?
274 1728 304 1779 ct
326 1720 356 1779 ai
377 1718 601 1796 attritipticatae
618 1720 748 1796 suerint
768 1719 951 1794 iniquitates
964 1721 1048 1789 tuae,
1072 1719 1169 1794 qaid
1184 1719 1327 1794 [acies

102 1827 274 1883 contra
294 1818 403 1883 auur?
424 1823 549 1894 Porro,
570 1824 704 1903 sijaate
725 1824 839 1899 maia,
862 1823 958 1902 quid
977 1822 1161 1883 domabis
1183 1824 1232 1894 ei,
1255 1832 1330 1882 aut

102 1931 220 2009 quid
249 1932 443 1989 deracau
472 1938 542 1989 tua
577 1929 764 2002 accipiet
792 1924 840 2008 Ὺ.)
862 1923 907 1987 Et
928 1924 1177 2007 Apostolus
1197 1923 1328 1991 aetatu

103 2027 253 2094 scribit:
275 2010 314 2091 Ν
319 2051 365 2092 ec
386 2035 398 2094 i
408 2033 590 2115 adipeaa
613 2031 774 2111 aliqua,
798 2050 870 2092 cura
890 2034 957 2110 ipre
980 2037 1033 2099 aet
1053 2035 1198 2097 omuibus
1220 2037 1326 2103 attam,

104 2144 143 2198 et
165 2138 435 2216 inspirationem,
458 2143 488 2198 et
508 2139 615 2203 amaia
635 2133 672 2218 ²).

246 2237 286 2307 Β.
309 2239 435 2325 Eadem
474 2249 525 2302 est
565 2258 690 2323 quoque
723 2239 785 2301 88.
816 2237 981 2300 Patrum
1014 2259 1072 2302 seu
1094 2239 1329 2305 Ecclesiae

113 2343 279 2415 doctrina
310 2343 394 2409 Nam
414 2343 547 2429 utique,
570 2355 605 2407 ut
625 2342 765 2408 vidimus
782 2363 900 2427 supra,
923 2345 1070 2419 tradunt,
1094 2344 1200 2408 Deum
1218 2345 1295 2428 pers
1312 2378 1329 2395 ·

119 2447 325 2522 ctissimum,
349 2459 382 2535 ομ
399 2448 528 2532 quidem
541 2469 601 2533 pon
615 2466 652 2514 sc
670 2469 708 2513 ac
721 2447 930 2522 mesanum,
955 2468 1021 2532 quo
1033 2449 1111 2513 nihii
1138 2449 1252 2513 melius
1275 2469 1330 2512 ex·

121 2551 262 2639 cogitari
287 2552 408 2636 possit,
432 2573 505 2626 scu,
529 2565 564 2615 ut
590 2553 634 2618 ait
654 2553 885 2627 Boethius,
907 2561 1045 2616 srammt
1063 2560 1332 2638 perfectique

123 2658 219 2720 tani
241 2674 337 2720 esee
354 2664 397 2739 pt
404 2663 665 2731 eaitsimum,
689 2666 793 2742 atque,
815 2657 943 2721 minime
957 2652 1157 2724 necessitate
1173 2661 1330 2732 adactum,

124 2761 186 2824 sed
203 2759 273 2824 soh
295 2759 440 2826 itoditate
456 2763 588 2827 ductum
602 2763 752 2825 muudum
770 2748 855 2825 dtrn'c
869 2763 1054 2827 condidisse
1070 2785 1108 2828 ac
1120 2758 1329 2837 conservare,

124 2884 190 2931 non*
210 2861 245 2928 nt'
267 2868 366 2931 rebus
388 2867 531 2943 fruatur,
555 2867 613 2930 scd
631 2878 754 2931 tantum
778 2878 902 2943 utatur,
924 2867 1034 2943 idest,
1057 2872 1120 2934 nou
1136 2883 1171 2934 ut
1186 2870 1259 2934 inde
1278 2869 1332 2932 ali·

125 2972 211 3056 qnod
237 2963 486 3036 emoiitdtontum
514 2968 569 3036 aut
592 2968 714 3058 aliquid
734 2970 896 3036 sedicita'tis
925 2970 1097 3060 percipiat,
1121 2975 1181 3038 sed
1205 2964 1330 3061 potius,

124 3080 160 3138 ut
178 3094 255 3140 cum
273 3074 335 3139 iliis
359 3090 450 3141 suam
473 3075 709 3160 perfectionem
727 3095 765 3142 ac
786 3072 1016 3140 heatitudinern
1041 3078 1220 3164 participet.
1243 3072 1331 3152 Ocra·
1389 3104 1395 3121 ¹

125 3190 219 3244 arado
241 3202 334 3262 erpo,
357 3181 403 3246 ait
422 3181 716 3268 Augustinus,
748 3184 872 3263 attigit?
897 3183 940 3245 Ut
967 3182 1057 3246 aradis
1083 3183 1210 3265 utatur,
1233 3180 1336 3246 aaut

121 3283 288 3362 fructuri*
307 3280 377 3350 Sed
396 3291 426 3350 si
444 3293 587 3369 fruitur,
611 3296 687 3368 epet'
702 3290 785 3350 d'aao'
802 3292 929 3363 aestro,
952 3280 1038 3370 quod
1056 3290 1147 3352 aerim
1164 3310 1265 3350 sanae
1283 3289 1332 3348 dr·-

127 3395 224 3453 cerit.
247 3391 346 3452 Omne
367 3394 450 3452 enim
471 3393 584 3453 donam
604 3390 754 3455 nootr'ai‘r'ri
773 3388 824 3453 iel
842 3385 929 3472 ipre,
951 3393 1004 3454 cel
1028 3397 1067 3454 ab
1094 3388 1163 3474 ipsa
1193 3405 1251 3454 est.
1277 3390 1335 3453 Cui

129 3507 237 3559 atatem
258 3501 428 3558 educarunt
445 3503 495 3558 cet
515 3499 642 3560 dubiam
664 3509 729 3572 est,
752 3500 816 3560 aaa
837 3519 933 3578 epere
957 3499 1059 3559 lacera
1086 3520 1194 3560 rerum
1220 3500 1334 3559 darum

127 3608 248 3674 uitare,
273 3607 354 3683 putas
371 3605 444 3682 ipsa
470 3602 704 3664 iidr'strucerit?
733 3639 772 3648 —
803 3602 878 3665 Nau
902 3606 982 3683 erpo
995 3598 1122 3682 fruitur
1147 3598 1255 3673 aedis,
1277 3609 1336 3662 sed

129 3712 231 3769 amar
251 3708 292 3780 4).
317 3700 440 3771 Simiiia
464 3698 583 3770 tradem
604 3696 718 3792 reliqui
741 3715 787 3783 ῆς
812 3710 946 3791 quor'um
973 3706 1114 3770 omnium
1146 3707 1218 3770 ioco
1245 3705 1335 3768 solus

163 4036 194 4096 ¹)'
205 4028 272 4086 iob.
290 4034 336 4095 35,
352 4033 379 4086 a,

163 4117 270 4186 ’pauc
289 4124 331 4187 a,
355 4125 397 4175 as.

163 4207 186 4274 3)
204 4216 247 4263 De
266 4217 367 4266 comat
386 4214 484 4272 truilos.
503 4214 522 4264 l.
542 4214 570 4264 3.
586 4229 658 4273 arros.
679 4215 727 4262 10.
746 4225 773 4276 p.
791 4212 835 4263 62.
1082 4274 1084 4279 Α

163 4299 188 4364 ¹⁰)
206 4306 249 4353 De
267 4306 352 4355 doctr·
372 4304 468 4353 carta.
488 4307 508 4354 t.
529 4307 556 4354 t.
576 4315 601 4355 c.
621 4306 669 4352 31.
688 4318 716 4353 a.
736 4305 784 4352 34.
802 4301 874 4366 Opp.
893 4300 926 4350 Τ.
946 4301 971 4350 3.
990 4298 1021 4353 Ρ,
1045 4300 1068 4350 1.
1088 4311 1113 4351 c.
1133 4301 1166 4348 15
1184 4313 1207 4351 s.

164 4386 600 4452 ⁵)²0i.'1'ertullian.diia.
621 4390 754 4443 Marcion.
773 4393 792 4443 tt
811 4394 838 4442 2.
857 4406 883 4443 c.
905 4393 952 4441 16.
981 4387 1052 4453 Opp.
1076 4387 1111 4438 V.
1126 4389 1150 4439 2.
1175 4388 1204 4461 p.
1229 4386 1287 4440 195.
1305 4414 1338 4424 -

137 4466 278 4532 tatiani.
298 4482 374 4535 Coat.
394 4482 491 4534 Graec.
511 4498 538 4533 a.
556 4485 586 4531 4.
605 4478 674 4545 0pp.
700 4481 839 4531 austun.
858 4496 883 4546 p.
902 4482 962 4530 260·
989 4505 1017 4514 -
1038 4470 1157 4527 Attiou
1170 4491 1221 4540 ag.
1241 4480 1336 4538 Lepta·

126 4584 175 4625 aaa
192 4572 339 4623 Christian.
359 4588 384 4624 a.
405 4576 453 4622 16.
472 4570 513 4624 lb.
531 4586 559 4637 p.
576 4572 637 4621 alo.
657 4569 687 4620 C.
706 4569 743 4621 Et
762 4572 800 4623 at.
820 4584 845 4621 s.
868 4584 911 4623 cc.

1100 4644 1140 4720 1'5
