2926 5168
121 231 185 298 1136

120 389 245 446 rollone
259 383 428 459 Eoonpelt’i
440 386 551 461 pacis,
572 385 606 444 in
621 383 766 444 omuibus
786 389 946 444 ettruentes
967 389 1091 446 scotum
1104 384 1202 458 fidei,
1226 389 1259 447 in
1273 406 1335 468 quo

118 490 251 568 possitis
273 489 380 550 omnio
401 484 465 548 telo
486 489 744 567 nequissimi
765 490 861 564 igneo
883 491 1105 566 ecstinpuere,
1141 496 1174 550 et
1206 496 1334 568 galeam

122 595 239 659 satum
260 596 427 666 actumve,
451 603 483 654 et
500 592 646 669 plautium
666 595 799 671 spiritua
820 597 921 674 (quod
947 600 997 655 est
1022 599 1153 656 uerbum
1177 596 1258 671 Dei)
1277 616 1335 675 per

119 719 245 762 omnem
267 703 458 770 orationem,
481 703 515 758 et
534 697 784 762 obsecrationem
807 704 938 759 orantes
960 703 1200 772 omnitempore
1220 704 1255 762 in
1275 704 1334 780 spi·

122 810 202 878 71111,
225 809 256 867 et
274 806 309 865 in
338 810 416 882 ipso·
449 802 618 880 cipilontea
639 800 675 882 ¹).
707 801 752 864 Ut
776 821 842 864 non
869 806 1151 866 circumveniamur
1180 827 1203 867 o
1222 812 1333 866 sota-

123 930 193 973 na:
213 928 278 971 non
293 915 377 971 enine
401 912 588 984 ipnoromus
616 910 823 984 cogitationes
852 912 922 986 ejus
952 914 990 981 2).
1020 907 1200 972 Petrus:
1229 911 1334 973 Sobrii

124 1019 240 1088 estote,
264 1019 296 1074 el
314 1013 464 1097 vipilute:
489 1014 566 1091 puio
588 1016 795 1074 adversarius
816 1018 920 1073 vester
950 1016 1151 1076 otaoolos
1182 1024 1332 1099 unquam

125 1125 174 1182 leo
194 1123 328 1198 metens
345 1121 476 1190 circuit,
500 1136 676 1199 quaerens,
700 1137 792 1198 qoem
800 1118 943 1180 decoret:
954 1122 1006 1180 coi
1025 1125 1165 1183 resistite
1178 1125 1286 1200 fortes
1303 1124 1334 1181 io

121 1229 193 1305 side
216 1231 254 1300 ³).
277 1222 322 1286 Et
344 1222 551 1286 loannes:
576 1219 640 1294 oui
650 1224 735 1300 saci!
752 1229 930 1302 peceatum,
954 1246 997 1285 eno
1018 1227 1141 1288 diabolo
1164 1235 1235 1289 est:
1258 1247 1335 1305 prro

124 1335 213 1394 niam
234 1331 273 1390 ab
293 1332 383 1390 initio
409 1329 553 1389 diabolos
578 1335 707 1406 peceat,
738 1327 757 1389 i.
787 1346 814 1389 e.
844 1326 897 1412 qui
926 1341 1051 1412 peccat,
1075 1329 1204 1396 diaholo
1224 1331 1334 1394 similis

127 1446 193 1508 est,
218 1432 270 1518 qui
293 1431 441 1496 statima
467 1431 576 1495 mundi
605 1432 770 1497 creatione
800 1452 938 1516 peccare
969 1434 1092 1518 coepit,
1121 1448 1155 1499 et
1176 1456 1333 1523 nunquan

126 1558 265 1625 peccare
288 1536 405 1601 desinit
427 1544 465 1614 4).
489 1538 615 1600 Deinde
635 1537 732 1601 etiam
751 1538 855 1601 Nu'l'.
879 1539 1067 1622 Scriptores
1091 1547 1217 1625 passim
1239 1540 1333 1604 idolo·

125 1645 272 1719 latriam,
296 1661 433 1706 necnon
450 1642 704 1725 persecutiones
733 1642 918 1718 Ecclesiae,
948 1646 1112 1710 hominum
1133 1645 1332 1712 incredulita-

127 1763 204 1823 tem,
227 1748 355 1813 diabolo
380 1747 579 1813 adscribunt.
601 1749 676 1813 Nou
699 1748 745 1811 uti
770 1760 889 1821 autem,
909 1749 941 1812 in
959 1750 1040 1815 locis
1055 1751 1194 1817 laudatis
1212 1771 1333 1837 quoque

128 1855 295 1922 Christum
305 1865 401 1939 atque
417 1853 596 1937 Apostolos
615 1854 816 1917 solummodo
832 1852 960 1917 usitatis
976 1854 1075 1919 meris
1082 1855 1211 1921 dicendi
1221 1857 1333 1921 formu·

127 1963 187 2038 lis,
210 1960 315 2047 quivis
336 1959 440 2044 primo
468 1959 582 2022 obtutu
607 1958 725 2034 sentit,
753 1961 1020 2045 quemadmodum
1052 1973 1085 2024 et
1114 1961 1220 2047 quivis
1251 1961 1334 2027 iaicis

128 2066 333 2152 opinionibus
356 2064 440 2128 haud
463 2076 719 2149 praeoccupatus
749 2063 914 2157 intelligit,
945 2085 1050 2150 neque
1077 2065 1246 2132 Christum
1278 2068 1334 2130 Do·

129 2279 319 2363 Apostolos,
341 2278 486 2363 Legatos
501 2273 648 2355 divinos,
671 2274 825 2359 eSpiritu
846 2276 881 2339 S,
911 2297 1039 2339 omnem
1070 2277 1245 2342 veritatem
1269 2277 1334 2340 edo·

129 2395 212 2458 ctos,
235 2380 510 2466 superstitionem,
528 2380 632 2464 siqua
647 2379 680 2444 in
699 2379 762 2443 fide
785 2382 985 2445 ludaeorum
1007 2382 1038 2444 in
1062 2383 1243 2446 daemones
1265 2381 1333 2445 luis·

117 2501 195 2570 set,
219 2488 424 2552 dissimulare
454 2485 621 2569 potuisse,
652 2486 770 2548 nedum
799 2486 990 2550 auctoritate
1013 2506 1071 2550 sua
1091 2486 1178 2549 tueri
1200 2506 1241 2550 ac
1270 2506 1334 2550 con·

129 2593 271 2667 firmare,
293 2592 368 2678 qsrin
389 2591 488 2654 ullum
509 2590 660 2654 indicium
682 2591 816 2654 alterius
839 2590 1017 2655 sententiae
1039 2591 1287 2658 insinuaverint.

255 2697 293 2760 B.
316 2697 468 2760 Patres
491 2707 599 2759 autern
621 2716 684 2759 non
699 2706 821 2759 tantum
838 2716 902 2759 uno
924 2717 983 2760 ore
1002 2696 1213 2760 existentiam
1234 2699 1332 2782 Ange·

131 2806 253 2879 lorum,
276 2813 344 2865 tum
366 2802 524 2865 bonorum
554 2812 620 2864 tum
653 2802 810 2865 malorum
842 2803 979 2877 docent,
1012 2803 1071 2865 sed
1100 2814 1133 2866 et
1164 2802 1333 2865 doctrinan

131 2912 214 2975 hanc
246 2908 367 2972 diserte
397 2905 569 2971 Ecclesiae
594 2905 790 2990 peculiarem
813 2918 847 2970 ct
863 2906 1027 2990 propriam
1049 2907 1217 2971 declarant
1239 2906 1277 2991 ⁸),
1299 2916 1333 2969 at·

132 3035 193 3101 que
214 3013 299 3077 inter
320 3010 397 3076 fidei
418 3011 573 3075 articulos
596 3013 749 3075 rclerunt.
779 3012 922 3092 Auquos
949 3018 1093 3076 novimus
1119 3035 1163 3076 ee
1189 3016 1257 3094 fide
1269 3057 1279 3088 ,
1301 3011 1334 3075 ait

95 3115 96 3118 '
123 3123 167 3194 S.
189 3117 483 3206 Augustinus,
506 3126 541 3181 et
565 3124 672 3182 multis
702 3121 891 3198 apparuisse
918 3123 1070 3197 scriptum
1099 3121 1262 3198 teqimos,·
1287 3136 1333 3180 nso

132 3229 206 3289 inde
217 3228 363 3288 dubitare
372 3230 432 3305 sos
446 3226 540 3286 uobis
555 3228 619 3287 erit
637 3223 677 3308 ⁶).
693 3222 739 3286 Et
753 3222 827 3288 hinc
841 3222 966 3287 nonnisi
984 3235 1048 3287 tam
1061 3223 1230 3309 scriptum,
1254 3242 1330 3305 quan

170 3544 195 3604 1)
213 3540 321 3608 Epeos.
340 3545 366 3604 o,
394 3545 505 3596 13—18.

168 3631 193 3693 ²)
212 3632 239 3685 2.
259 3631 325 3682 Cor.
344 3634 369 3691 2,
390 3635 429 3682 11.
450 3632 490 3684 Cf.
508 3633 570 3683 Act.
592 3634 633 3697 13,
657 3633 699 3685 10.

168 3713 194 3784 ³)
215 3725 238 3772 1.
256 3723 335 3772 retr.
356 3724 382 3783 s,
400 3725 476 3792 s-o.
496 3722 537 3772 cf.
555 3725 582 3775 2.
601 3722 674 3775 rim.
692 3722 719 3784 2,
736 3723 779 3773 ao.
797 3722 858 3772 sac.
877 3721 903 3781 1,
921 3724 944 3772 a.

142 3872 145 3879 ¹
168 3807 194 3873 4)
214 3813 238 3864 1.
255 3814 338 3862 Joau.
356 3815 381 3873 3,
400 3813 425 3862 8.

168 3895 193 3959 ⁵)
212 3899 253 3950 Cf.
271 3899 425 3964 Origen.
444 3905 485 3952 De
502 3905 588 3960 princ.
604 3905 693 3961 prud.
711 3919 736 3953 u.
758 3904 865 3954 2-10.
885 3900 955 3966 Ορρ.
974 3900 1006 3950 Τ.
1027 3900 1050 3950 1.
1070 3914 1098 3964 p.
1117 3903 1230 3953 47-19.

170 3982 195 4053 ⁶)
215 3993 245 4041 In
263 3995 308 4041 Pe.
329 3994 401 4043 103.
419 4007 496 4043 serm.
517 3995 544 4043 1.
564 4008 592 4043 n.
612 3995 658 4041 15.
677 3990 748 4056 0pp.
768 3993 801 4041 Τ.
820 3993 846 4042 ῑι.
865 4003 888 4039 o.
910 3991 984 4040 1146.
1004 3988 1048 4041 cf.
1067 3991 1209 4043 Justin.
1234 3987 1326 4048 Apoll·

137 4096 163 4132 o.
183 4083 211 4131 6.
231 4078 299 4145 Opp.
317 4095 343 4146 p.
361 4083 404 4132 tt.
423 4086 501 4135 Dint.
520 4098 543 4132 r.
565 4086 658 4143 Topos.
676 4099 702 4133 n.
723 4085 772 4131 57.
803 4084 849 4131 79.
875 4093 902 4143 p.
930 4081 989 4131 162.
1016 4080 1065 4128 185
1090 4093 1116 4131 s.
1141 4105 1176 4118 —
1204 4078 1326 4130 Tatlan.

140 4171 184 4222 Or.
203 4178 273 4221 cont.
293 4174 391 4223 Graec.
409 4188 434 4221 n.
458 4176 484 4224 7.
503 4176 533 4224 8.
551 4170 593 4224 ΙΙ).
611 4184 638 4235 p.
657 4172 716 4220 263.
736 4171 797 4222 26⁷4.
819 4194 849 4206 -
868 4167 1057 4232 Athenag.
1087 4173 1155 4231 Lep.
1179 4187 1225 4229 pro
1252 4168 1326 4219 corto.

139 4276 165 4311 o.
186 4261 234 4310 10.
253 4263 303 4312 24.
321 4263 371 4312 25.
389 4259 429 4313 lb.
449 4276 478 4327 p.
497 4264 557 4314 365.
576 4262 636 4312 322.
653 4261 713 4310 223.
733 4288 767 4294 -
793 4259 889 4308 Iren.
915 4257 992 4311 cont.
1018 4263 1094 4311 noer.
1123 4263 1143 4309 l.
1161 4265 1191 4312 4.
1210 4276 1235 4312 r.
1254 4261 1327 4310 361·

141 4353 168 4401 6.
188 4364 215 4414 p.
232 4350 283 4400 282
302 4363 326 4400 s.
346 4353 366 4403 l.
386 4357 415 4401 5.
434 4367 458 4400 o.
478 4355 528 4403 23.
546 4368 574 4403 n.
594 4354 620 4400 1.
641 4364 668 4414 p.
685 4350 744 4400 326.
764 4366 788 4399 c.
809 4352 857 4399 24.
876 4364 903 4399 u.
921 4351 952 4400 4.
971 4361 999 4411 p.
1017 4349 1077 4400 322.
1097 4353 1154 4403 etc.
1173 4340 1328 4400 -llusol

140 4442 276 4489 venroso.
296 4442 403 4499 Eueno.
423 4445 442 4489 l.
462 4443 491 4492 3.
510 4453 534 4490 o.
555 4444 582 4488 5.
600 4453 628 4504 p.
649 4439 697 4489 166
715 4453 738 4486 s.
760 4441 779 4489 1.
797 4441 828 4489 4.
848 4452 873 4487 c.
893 4442 921 4489 6.
940 4452 966 4502 p.
986 4439 1035 4487 155
1058 4452 1082 4487 s.
1105 4444 1124 4491 1.
1146 4445 1182 4490 ’5.
1208 4453 1232 4492 c.
1259 4442 1330 4496 1111·

138 4527 199 4578 238.
218 4524 238 4579 Ι.
256 4527 283 4579 4.
302 4542 325 4578 c.
344 4529 371 4580 6.
390 4542 417 4592 p.
437 4531 485 4579 155
503 4543 529 4582 s.
548 4555 581 4564 —
600 4525 738 4590 cyrill.
761 4525 915 4579 Hieros.
942 4528 1001 4578 Cot.
1031 4532 1078 4579 15.
1102 4545 1130 4579 n.
1149 4529 1208 4581 24.
1231 4526 1295 4594 0pp.
1313 4534 1332 4586 p·

139 4619 201 4670 337.
221 4618 279 4669 Cot.
302 4623 350 4670 16.
369 4634 396 4670 n.
416 4622 465 4670 23.
482 4633 508 4686 p.
527 4619 586 4676 256.
606 4621 661 4671 etc.
679 4645 709 4658 -·
730 4616 892 4669 Tertull.
918 4619 1030 4677 Aeolon.
1055 4633 1083 4671 n.
1110 4619 1162 4673 22.
1185 4616 1255 4684 Opp.
1271 4614 1303 4670 V.
1316 4613 1333 4660 l·
