2926 5168
116 198 184 262 >860

121 358 294 419 assertum,
308 343 414 408 animo
432 355 672 428 praeoccupato
689 344 899 425 obcoecatus,
922 355 977 408 aut
999 342 1229 429 disputationis
1243 355 1332 409 aestu

121 453 285 535 abreptus,
303 449 479 514 arbitratus
513 461 573 513 est.
596 449 688 513 Unde
711 449 769 513 ait:
792 452 911 512 Docuit
929 469 989 513 reos
1009 447 1220 530 (Apostolum)
1241 454 1334 514 edom

121 565 154 620 in
174 560 228 620 Itis
256 559 363 619 vertis
392 575 491 618 urtam
519 556 694 617 divinitatis
720 563 880 617 naturum.
903 547 1061 617 Sanctum
1077 561 1163 618 enirn
1183 559 1334 633 Spiritum

122 670 154 726 ct
173 665 236 725 Det
257 664 435 742 appellavit,
458 669 498 724 ot
518 661 549 723 0
556 664 708 723 bristi:
728 682 793 723 non
817 663 912 744 quod,
940 665 977 722 ut
994 661 1104 722 uoltsut
1129 660 1334 736 exsecrandi,

122 769 286 841 tumeret,
309 787 352 829 es·
373 768 444 829 Deo
463 787 522 844 per
538 767 661 829 nauum
683 774 811 829 oreatus
831 771 892 840 sit,
922 767 982 833 sed
1010 770 1085 848 puta
1113 778 1164 830 est
1194 768 1335 846 ejudem

124 891 195 935 mm
228 875 360 935 Patre
380 879 419 934 et
437 876 555 935 nitio
577 877 866 945 substantioe,
889 877 976 933 stes}
996 872 1239 956 Patrequidem
1255 892 1334 954 pro·

124 978 209 1040 cedit
218 982 324 1058 justa
345 972 817 1056 Euanyelr'orum'dootrs'num:
839 980 910 1054 ejus
932 982 1037 1040 metent
1063 981 1171 1056 pratia
1200 981 1262 1052 iis,
1284 983 1337 1060 put

123 1083 212 1160 diqnt
239 1090 340 1163 sunt,
365 1104 440 1164 per
474 1082 691 1146 Christum
718 1082 939 1161 suppeditatur
968 1088 1006 1157 ¹).
1034 1079 1119 1145 Hinc
1141 1081 1336 1166 cyrillus

124 1209 250 1274 quoque
271 1189 473 1272 respondens
496 1186 537 1250 ad
559 1185 812 1251 contutationem
828 1184 879 1249 sui
887 1185 1156 1262 anathematismi,
1178 1187 1332 1252 Theodo-

123 1304 230 1357 retum
252 1313 316 1356 non
339 1292 448 1380 arguit
469 1303 609 1378 negatae
633 1289 854 1375 processionis
874 1289 1017 1372 Spiritus
1040 1291 1075 1354 S.
1107 1311 1127 1354 a
1156 1291 1258 1368 nnio,
1281 1293 1336 1356 sed

125 1408 246 1462 tantum
269 1395 479 1483 conqueritur
496 1397 535 1459 de
552 1394 704 1479 imposita
723 1394 785 1459 sihi
809 1396 848 1459 ab
871 1414 911 1457 eo
940 1394 1116 1470 calumnia,
1140 1397 1234 1482 quasi
1262 1396 1335 1461 divi·

125 1503 258 1568 nitatem
267 1502 410 1588 Spiritus
421 1508 454 1566 S.
464 1501 496 1565 in
514 1499 642 1566 dubium
650 1512 855 1576 revocasset,
865 1519 968 1585 neque
982 1501 1219 1566 Theodoretus
1227 1512 1336 1566 contra

126 1612 189 1674 lroc
212 1607 326 1692 cyrilli
347 1627 561 1692 responsum,
584 1607 617 1671 in
640 1628 701 1692 quo
727 1607 849 1672 diserte
876 1607 1014 1682 asserit,
1052 1607 1200 1672 Verbum
1237 1606 1337 1672 omnis

125 1713 307 1781 communia
336 1714 457 1777 habere
486 1733 559 1777 cum
587 1712 704 1786 Patre,
735 1733 798 1776 una
829 1723 968 1797 excepta
997 1711 1217 1788 Paternitate,
1248 1733 1337 1797 repo·

127 1818 209 1891 suit,
230 1816 311 1880 falso
328 1815 487 1898 Cyrillum
505 1815 537 1880 id
551 1817 732 1890 adstruere,
756 1816 881 1901 quando
900 1815 1030 1900 quidem
1045 1837 1252 1883 communem
1270 1839 1336 1883 cunr

127 1923 198 2007 ipso
213 1942 277 1985 non
294 1921 413 1986 habeat
430 1921 495 1985 vim
512 1919 655 2004 spirandi
673 1930 728 1983 aut
747 1920 945 2003 producendi
968 1920 1127 2004 Spiritum
1153 1922 1199 1997 8.,
1223 1933 1257 1987 et
1280 1922 1337 1987 etsi

129 2026 260 2092 disertis
277 2046 315 2090 ac
329 2025 501 2111 expressis
518 2023 630 2088 verbis
647 2044 711 2088 non
729 2024 823 2098 dicit,
846 2023 1006 2109 Spiritum
1025 2024 1060 2089 8.
1080 2047 1099 2090 a
1130 2026 1212 2091 nitio
1230 2047 1337 2112 proce·

136 2133 235 2206 dere,
258 2151 297 2195 ea
317 2143 424 2196 tamen
447 2129 614 2195 doctrinae
636 2129 787 2214 proponit
807 2128 981 2214 principia,
1003 2151 1047 2195 cx
1069 2131 1185 2216 quibus
1212 2153 1336 2218 proces

129 2238 179 2303 sio
199 2236 342 2321 Spiritus
359 2237 393 2300 8.
407 2256 426 2299 a
442 2234 524 2300 Filio
548 2246 661 2322 aperte
683 2254 722 2299 ac
744 2234 935 2300 necessario
958 2235 1132 2323 colligitur.

213 2345 402 2407 doannes
423 2341 721 2404 Damasceuus
742 2341 871 2404 taudem
890 2338 1019 2425 qondam
1040 2338 1105 2403 uit:
1139 2345 1291 2422 Spiritum
1309 2349 1337 2406 8.

130 2457 161 2510 st
181 2469 225 2512 ex
246 2454 342 2511 Putre
362 2466 435 2509 esse
456 2448 591 2510 dicinms
599 2490 612 2525 ,
634 2452 665 2507 et
679 2449 788 2508 Patris
806 2449 959 2526 Spiritum
971 2448 1184 2508 nominamus.
1206 2447 1251 2509 At
1271 2467 1338 2509 sero

131 2573 202 2616 eum
223 2573 268 2614 ec
288 2553 374 2614 lutto
395 2570 549 2613 essenon
568 2552 719 2624 dicimus,
743 2552 818 2614 Filii
835 2558 942 2612 tamen
953 2554 1106 2630 Spiritum
1120 2553 1294 2615 nodamus
1306 2561 1337 2625 2).

132 2658 196 2719 Ast
213 2652 324 2717 verbis
344 2653 434 2717 hisce
453 2654 488 2717 8.
508 2653 608 2718 Pater
625 2664 747 2717 tanturn
763 2673 783 2716 a
797 2653 878 2718 Filio
902 2653 1113 2738 principalem
1141 2674 1274 2720 eausam
1301 2655 1338 2719 di·

135 2746 289 2824 vinarum‘
309 2756 575 2843 processionum,
598 2758 827 2844 quamfiraeci
843 2757 894 2841 τὴν
908 2755 1166 2842 προκαταρκτικὴν
1184 2757 1338 2826 alrtdrad·

136 2865 268 2950 pellant,
291 2884 490 2950 nequaquam
509 2875 619 2928 autern
637 2864 741 2949 ipsam
769 2865 1014 2949 processionem
1042 2866 1198 2931 excludit.
1222 2867 1338 2951 Nempe

136 2970 242 3035 citatis
264 2970 376 3035 verbis
393 2971 426 3034 id
439 2992 535 3034 unum
553 2969 624 3055 ipse
647 2971 733 3048 vult,
755 2971 870 3037 Filium
886 2994 949 3036 non
966 2991 1042 3037 esse
1063 2971 1255 3057 principium
1273 2973 1338 3036 alis·

136 3095 197 3160 que
214 3074 356 3163 origine,
379 3076 439 3139 sed
456 3075 560 3139 solum
582 3095 657 3138 esse
675 3075 866 3160 principium
884 3077 1026 3160 Spiritus
1052 3079 1086 3142 8.
1108 3098 1182 3142 eum
1205 3076 1339 3165 origine,

138 3179 279 3266 eoquod
299 3180 389 3243 solus
411 3179 511 3245 Pater
533 3181 596 3244 tale
618 3179 809 3265 principium
831 3181 901 3244 sine
919 3181 1045 3269 origine
1060 3182 1121 3254 sit3
1143 3203 1218 3248 curn
1234 3182 1340 3256 omnia,

137 3304 218 3371 quae
236 3283 336 3348 Filius
352 3285 465 3360 habet,
488 3305 507 3349 a
527 3287 625 3350 Patre
648 3286 822 3372 acceperit.
845 3286 922 3349 Ideo
940 3286 1111 3352 confestim
1128 3288 1219 3354 addit
1234 3290 1268 3353 S.
1277 3290 1340 3354 llo·

138 3403 228 3459 ctort
250 3393 346 3454 Solus
377 3393 478 3454 Pater
503 3395 697 3473 principium
725 3391 744 3454 i.
777 3412 805 3455 e.
828 3390 952 3476 primus
974 3390 1058 3466 fons,
1084 3403 1149 3474 est,
1171 3393 1220 3458 uti
1241 3414 1340 3458 rerum

139 3497 280 3561 omniurn
301 3496 464 3562 [initurum
480 3501 549 3562 'sua
577 3499 762 3573 voluntate,
791 3497 836 3562 ita
858 3516 917 3561 sua
935 3509 1049 3561 natura
1070 3517 1109 3563 ac
1129 3505 1273 3563 essentia
1286 3519 1339 3562 non

140 3614 262 3667 tantum
298 3602 388 3676 Filii,
418 3603 477 3666 sed
499 3614 531 3667 et
553 3601 694 3687 Spiritus
715 3605 761 3669 8..
785 3602 877 3681 Quae
903 3602 1069 3686 notiofffuit
1088 3604 1172 3688 apud
1203 3603 1339 3668 Graecos

142 3708 342 3795 pervulgata.
365 3708 411 3771 lta
434 3708 597 3792 explicant
618 3709 703 3773 hunc
723 3709 830 3773 locum
849 3708 911 3793 ipsi
934 3709 1098 3772 Doctores
1123 3708 1257 3786 Graeci,
1277 3709 1338 3774 lla·

142 3815 239 3878 nuel
270 3812 475 3889 Calecas,
514 3813 792 3887 Demetrius,
832 3812 1076 3878 Bessarion
1106 3819 1147 3894 ³).
1172 3813 1337 3879 Enimvero

142 3918 284 3982 noluisse
306 3939 365 4003 per
387 3917 485 3982 citata
507 3919 607 3982 verba
629 3919 788 3982 doannem
811 3919 1052 3983 Damascenum
1075 3919 1252 3984 excludere
1278 3937 1335 4005 pro·

144 4022 327 4088 cessionem
354 4022 496 4107 Spiritus
528 4025 562 4086 S.
594 4045 613 4087 a
642 4023 741 4098 Filio,
765 4034 854 4108 patet
876 4023 1085 4108 expluribus
1107 4022 1210 4100 locis,
1232 4018 1334 4106 inqui·

178 4303 202 4361 1)
220 4303 251 4350 lu
268 4301 354 4358 nster.
375 4304 410 4350 ad
428 4305 507 4351 Rom.
525 4301 556 4359 8,
575 4302 622 4348 11.
643 4298 714 4364 0pp.
734 4299 777 4348 ed.
797 4297 984 4349 Slrmoud.
1003 4297 1068 4349 Hal.
1089 4298 1166 4349 1771.
1182 4298 1218 4348 Τ.
1234 4289 1331 4362 :apil-

177 4390 201 4453 ²)
219 4394 261 4441 De
277 4393 323 4447 fid.
342 4393 407 4439 ortlr.
428 4393 445 4439 l.
467 4392 494 4438 1.
513 4404 537 4439 c.
556 4390 584 4437 8.
603 4387 675 4454 0pp.
694 4388 726 4439 Τ.
746 4390 771 4439 1.
791 4402 819 4453 p.
839 4388 885 4438 111
906 4401 932 4438 ε.

176 4474 202 4541 3)
220 4479 262 4529 cl.
280 4479 411 4529 Petav.
429 4482 470 4528 De
489 4480 583 4529 Trinit.
602 4481 622 4529 1.
642 4481 670 4529 7.
690 4493 715 4529 c.
736 4482 786 4529 17.
804 4494 833 4529 κ.
852 4479 922 4528 8-
942 4482 990 4530 11.
1008 4482 1050 4529 De
1077 4473 1329 4539 sterneremus·

146 4569 220 4620 1700.
239 4568 272 4620 Τ.
290 4569 317 4621 2.
335 4581 361 4634 p.
379 4568 429 4618 133
448 4580 473 4617 κ.
