2926 5168
1273 226 1336 295 237

214 380 414 441 sociniani
438 387 468 441 et
483 380 674 441 recentiores
691 379 996 444 Rationalistae
1018 380 1176 450 biblici,
1195 381 1245 456 qui
1267 389 1337 456 post

102 485 360 569 ¹(lantherus,
391 486 504 548 maritos
524 485 825 560 brabantiam
848 495 878 545 et
899 482 979 553 alios
1000 487 1149 562 ningues,
1171 493 1204 543 ut
1225 486 1336 547 doen·

128 610 210 651 nem
241 591 419 658 Valdeu
450 599 479 650 et
510 590 801 655 Bernardinum
832 589 1066 669 Ocellinam,
1094 589 1337 653 ldattbaoaru

128 696 387 764 Gribaldum,
419 694 649 755 Miobailem
673 695 888 757 Servatum
910 704 941 764 al
962 696 1219 765 Valentinum
1243 695 1336 757 Gen·

127 804 249 875 tilem,
272 820 396 863 errores
420 802 609 879 antiquorum
632 801 928 861 Antitrinitariorum
951 802 1190 873 resuscitarunt,
1220 801 1335 863 directe

126 910 243 984 pariter
265 909 419 968 dumtaxat
449 907 636 966 divinitatem
659 906 774 966 Christi
785 907 812 986 ,ἦ
824 926 929 967 verum
959 926 994 968 co
1024 908 1091 986 ipso
1113 907 1204 967 simul
1226 908 1335 967 saltem

126 1013 275 1074 indirecte
297 1013 485 1089 divinitatem
507 1013 575 1070 Filii
598 1013 831 1093 impugnarunt,
855 1013 1081 1084 contendentes,
1104 1013 1262 1073 Christum
1285 1032 1335 1071 ve·

124 1135 203 1186 rum,
227 1135 286 1191 ¹l⁰l¹
309 1124 409 1194 tamen
431 1119 601 1196 rumorem,
624 1115 678 1174 sed
701 1116 832 1175 divinum
855 1136 924 1177 esse
940 1118 1101 1189 hominem,
1125 1119 1175 1196 qui
1197 1117 1231 1178 ad
1256 1119 1335 1176 salu·

123 1221 362 1297 tamnominati}
384 1221 604 1304 procurandam
628 1220 815 1294 destinatus,
847 1224 946 1300 gloria
968 1224 1186 1285 miraculorum
1207 1243 1335 1283 exorna·

121 1336 185 1398 tus,
208 1328 345 1387 officium
368 1329 426 1387 sibi
449 1327 657 1391 demandatum
688 1325 830 1387 adcurate
853 1329 1044 1404 impleverit,
1076 1326 1244 1389 etidcirco
1267 1338 1335 1406 post

121 1442 273 1505 mortem,
304 1452 394 1510 quam
416 1443 532 1509 martyr
555 1451 611 1510 pro
633 1450 689 1503 sua
720 1431 858 1493 doctrina
888 1434 1008 1502 obierit,
1037 1435 1221 1504 suscitatus,
1244 1444 1274 1493 et
1296 1435 1333 1493 ad

119 1555 274 1611 summm
298 1539 474 1616 dignitatem
492 1547 628 1608 evectus,
650 1557 668 1601 a
690 1539 778 1598 nobis
793 1556 847 1614 pro
870 1540 937 1599 Deo
950 1539 1094 1599 colendus
1116 1541 1179 1620 sit3
1200 1539 1333 1612 Patrem,

118 1643 233 1718 Filium
257 1650 287 1701 et
309 1643 457 1720 Spiritum
480 1645 512 1704 S.
534 1663 607 1713 nero
630 1661 690 1709 uon
710 1662 881 1721 personas,
905 1643 958 1703 sed
981 1651 1097 1709 tautum
1118 1643 1241 1705 diversa
1262 1662 1334 1704 esse

119 1748 271 1823 auributo
291 1744 406 1827 diuina,
427 1759 597 1825 statuentes
627 1753 664 1822 ¹).
687 1749 770 1811 Unde
801 1757 831 1809 et
858 1749 888 1807 hi
921 1749 1106 1809 solummodo
1130 1757 1252 1815 eatenus
1275 1750 1332 1810 buc

119 1853 286 1929 pertinent,
308 1866 454 1931 quatemus
477 1856 564 1917 nobis
586 1852 653 1915 loca
675 1855 707 1912 S.
730 1855 927 1931 Scripturae,
958 1855 1065 1930 quibus
1088 1854 1232 1919 divinitas
1252 1855 1332 1926 uitii,

119 1959 248 2031 realiter
270 1977 288 2035 a
308 1959 399 2027 Patre
421 1960 575 2031 distincti,
598 1960 753 2036 probatur,
772 1979 787 2019 e
811 1960 949 2022 manibus
971 1969 1153 2041 extorquere
1176 1969 1332 2021 conantur.

206 2057 332 2139 contra
353 2062 455 2137 hosce
482 2082 564 2150 ergo
586 2080 721 2131 errores
739 2062 915 2145 probamus
936 2061 1055 2148 dogma
1076 2060 1248 2132 Ecclesiae
1270 2059 1331 2132 Ca·

119 2163 261 2237 thelicae
290 2165 478 2240 solemniter
498 2146 682 2240 uetitum,
710 2160 830 2248 Λόγον,
860 2166 911 2250 qui
932 2165 1009 2241 iada
1028 2166 1069 2239 ab
1092 2179 1226 2239 aeteus
1249 2169 1332 2251 apud

120 2268 252 2348 Patrem
277 2270 443 2347 existens,
464 2271 497 2340 in
519 2283 666 2356 tompore
690 2272 787 2339 bomo
815 2269 936 2345 sactus,
967 2271 1067 2347 desua
1086 2270 1240 2349 Christus
1266 2285 1332 2357 est,

120 2373 267 2460 adesum
291 2387 325 2441 et
346 2377 430 2447 lmine
447 2376 563 2452 desum
579 2376 693 2445 ninum
711 2375 776 2440 Dei
795 2397 888 2452 esse,
914 2396 978 2447 nou
995 2375 1123 2462 quidem
1140 2397 1239 2445 sensu
1264 2399 1330 2440 mo-

118 2479 201 2558 roi,
221 2500 286 2564 (1110.
308 2481 422 2560 fideles
444 2503 482 2548 ao
500 2481 584 2565 justi
607 2502 731 2566 quoque
757 2480 816 2549 [ilii
837 2479 901 2545 Dei
927 2481 1126 2567 aduellaulur
1150 2483 1197 2568 ²1,
1227 2502 1330 2569 neque

118 2604 221 2662 seusu
238 2584 385 2668 politica,
409 2608 472 2672 quo
491 2586 582 2653 vices
602 2585 665 2653 nei
690 2585 725 2659 in
746 2585 844 2651 terris
864 2596 1021 2672 gererrtea
1047 2587 1117 2675 ejus
1135 2585 1191 2659 iiiii
1212 2607 1331 2674 coguo-

118 2689 281 2767 minantur
306 2695 352 2771 ⁸),
384 2692 442 2768 aad
469 2712 568 2757 sensu
594 2711 689 2776 quatu
713 2691 852 2757 maxime
874 2690 1005 2775 proprio
1032 2711 1070 2769 ec
1099 2691 1247 2767 uanam,
1271 2712 1330 2761 seu

117 2795 267 2883 physico,
290 2795 342 2880 qui
365 2796 459 2871 nnius
479 2796 688 2881 ejusdemque
708 2817 846 2882 prorsus
872 2816 910 2860 ac
935 2793 1117 2863 individuae
1139 2815 1210 2861 cnm
1233 2796 1330 2859 Patre

118 2905 164 2963 sit
184 2911 321 2969 nunnae
345 2912 379 2966 et
397 2900 609 2975 substantiae,
633 2900 703 2965 sive
720 2898 811 2965 Patri
830 2899 1148 2976 consubstantialem,
1171 2920 1330 2986 unumque

118 3024 193 3075 cum
213 3004 315 3070 Patre
332 3007 440 3079 Deum
458 3026 581 3071 verum.
797 3092 799 3095 v

202 3116 240 3188 lu
269 3115 432 3188 euincendo
464 3115 602 3192 dogmate
631 3121 736 3175 nostro
765 3115 809 3173 ita
830 3114 1040 3200 versabimur,
1070 3124 1103 3174 ut
1133 3115 1217 3195 prius
1240 3116 1329 3175 effata

119 3219 251 3293 elisisti,
270 3220 376 3295 deiude
399 3220 572 3295 testimonia
593 3221 825 3295 Apostolorum,
848 3227 910 3281 tum
933 3218 1119 3283 Traditionis
1141 3218 1328 3287 dorumeitta,

119 3327 185 3391 loca
207 3326 265 3398 88.
286 3329 410 3398 Petrum
432 3343 467 3385 ae
490 3325 611 3386 decreta
632 3325 835 3397 Consiliorum
858 3327 892 3385 in.
910 3325 1040 3392 medium
1061 3326 1266 3403 proferamus,
1284 3335 1328 3385 at·

122 3449 176 3508 que
199 3430 298 3508 iusum
321 3431 527 3506 testimonium
549 3430 683 3488 nominis
704 3429 871 3505 Christiani
892 3430 1025 3499 bostiatm
1046 3431 1243 3507 adiiciamus,
1265 3430 1328 3490 ubi·

123 3554 177 3614 que
200 3535 238 3601 ad
261 3535 458 3612 objectiones,
480 3531 519 3609 ab
541 3535 727 3595 adversariis
749 3543 865 3618 motas,
880 3536 1080 3603 attendentes.

293 3677 319 3760 t.
341 3671 409 3746 ab.
432 3673 482 3743 Α.
504 3671 792 3744 uestimenta-
812 3672 855 3744 S.
878 3673 1154 3764 scripturae.

552 3821 581 3869 a.
602 3799 755 3866 effata
776 3800 895 3866 ‹le-su.

202 3925 355 4009 Christus
381 3925 539 4008 Dentibus
565 3927 596 3995 in
626 3927 686 4002 SS.
712 3926 848 4001 Litteris
873 3949 942 3997 non.
962 3941 1082 4003 tantum
1115 3932 1325 3998 excellentior

113 4025 236 4124 Moyse
259 4041 305 4111 ⁴),
333 4033 436 4127 major
456 4053 581 4101 summo
609 4033 791 4100 Sacerdote
814 4034 933 4122 antiqui
957 4036 1165 4102 Testamenti
1194 4047 1241 4116 ⁵),
1264 4058 1324 4103 nec

110 4158 394 4180 W

144 4227 175 4296 ¹)
196 4226 241 4281 01.
259 4229 387 4278 Bibliotlt.
406 4222 498 4278 Fratr.
518 4229 613 4278 Potoa.
632 4227 663 4288 Τ,
684 4229 709 4278 1.
727 4227 760 4280 Ρ.
781 4229 804 4279 1.
824 4240 851 4293 p.
870 4229 928 4282 781.
948 4230 979 4282 Τ.
998 4230 1024 4283 2.
1042 4245 1067 4296 p.
1087 4229 1138 4281 189
1154 4244 1179 4282 s.

141 4313 175 4373 ²)
194 4308 239 4360 ci.
258 4307 332 4360 Gen,
348 4308 375 4369 6,
393 4309 420 4359 2.
437 4309 524 4360 Dent.
544 4307 585 4368 lt,
605 4310 629 4360 1.
646 4305 707 4362 Jer.
725 4309 776 4370 st,
793 4310 838 4362 20.
855 4310 958 4362 Mattb.
977 4313 1011 4375 5,
1029 4313 1055 4363 9.
1074 4310 1115 4362 bt.
1134 4311 1216 4362 Joan.
1237 4309 1261 4369 1,
1280 4308 1321 4358 12.

102 4379 198 4446 Rom.
216 4391 243 4452 8,
263 4390 294 4440 tl
312 4403 339 4442 s.
357 4392 382 4441 1.
400 4390 482 4440 ioan.
500 4392 526 4451 3,
546 4392 570 4440 1.

141 4461 175 4532 ³)
195 4469 239 4523 01.
256 4471 305 4521 Pa.
323 4473 366 4532 81,
384 4472 409 4520 6.

137 4546 176 4613 4)
194 4549 283 4602 Hebr.
301 4552 326 4617 3,
346 4555 359 4602 1
378 4567 422 4605 ss.

139 4626 176 4699 ⁵)
192 4630 281 4685 Hebro
298 4631 324 4696 ld,
344 4634 453 4688 ild-¹¹60
470 4636 497 4695 ⁵9
516 4634 609 4686 ¹⁸4⁰·
627 4634 653 4695 ⁷,
673 4631 781 4687 ¹¹²2&
