2926 5168
1260 212 1325 280 315

116 370 242 425 tanturn
264 360 389 426 interna
409 361 458 426 rei
481 360 583 437 ratio,
614 361 665 428 cui
701 363 846 448 ejusdem
886 360 1103 446 proprietates
1140 364 1322 447 inhaerent,

118 469 177 532 sed
201 479 234 531 et
257 468 319 532 hae
349 473 439 553 ipsae
465 468 557 533 simul
577 469 794 553 proprietates
837 467 883 533 illi
917 466 1133 533 inhaerentes.
1162 469 1200 533 ld
1220 471 1324 554 ipsunt

117 571 283 659 significat
300 570 388 634 otiolo
418 573 630 639 Graecorum.
662 573 723 637 SS.
741 573 856 636 Patres
883 583 1001 647 tamen
1029 574 1218 639 vocabulum
1235 574 1325 639 hoc,

116 688 214 766 prout
255 689 288 741 et
339 678 528 743 vocabrdum
562 677 650 758 φύσις
681 699 740 762 pro
774 677 918 743 essentia
952 699 1011 742 seu
1051 690 1165 744 natura
1198 672 1327 744 delinita

120 794 340 866 acceperunt,
368 782 413 846 ita
439 795 473 846 ut
491 783 572 868 ipsis
594 795 727 868 utraque
748 802 816 846 vox
840 782 925 847 idern
951 783 1003 858 sit,
1027 804 1066 849 ac
1087 783 1324 856 braccosacco

118 910 262 966 persona
285 895 322 964 ¹).
344 887 415 965 Quo
433 909 533 951 sensu
551 887 655 950 odolen
680 886 853 950 Sabelliani
880 887 1127 963 intellexerunt,
1158 907 1252 973 quum
1277 888 1326 953 Fi·

118 991 197 1054 lium
217 1001 250 1054 et
266 989 422 1074 Spiritum
444 992 477 1056 S.
494 992 581 1056 Patri
600 991 758 1074 dpooioros
779 991 1022 1076 praedicarent;
1043 994 1127 1057 ualde
1149 1004 1182 1057 et
1197 992 1228 1057 in
1246 992 1327 1056 Con·

120 1095 194 1161 cilio
208 1096 414 1162 Antioche
424 1118 470 1161 no
487 1107 600 1160 contra
610 1096 684 1161 illos
698 1100 806 1164 aaut.
817 1108 931 1161 coacto
946 1098 1110 1162 delinitum
1120 1109 1184 1173 est,
1202 1097 1326 1182 propri·

121 1223 173 1267 am
196 1223 273 1267 esse
301 1201 430 1277 Patria,
452 1202 525 1267 Filii
562 1214 595 1266 et
631 1203 773 1285 Spiritus
804 1203 838 1267 S.
866 1203 1098 1277 substantiam,
1120 1203 1141 1267 i.
1163 1222 1192 1267 e.
1214 1222 1326 1286 perso·

121 1328 196 1372 nam
227 1307 265 1393 ²).
293 1307 416 1373 Verum
433 1309 502 1392 jam
527 1308 643 1371 dudum
670 1307 841 1372 Ecclesiae
892 1307 1064 1371 universae
1087 1306 1327 1382 ¹consuetudine

120 1424 288 1498 receptum
303 1424 374 1486 est,
397 1423 432 1476 ut
453 1412 580 1478 nomine
603 1410 707 1484 οὐσίας
728 1423 761 1474 et
777 1410 873 1477 etiarn
890 1411 1007 1492 φύσεως
1024 1433 1123 1475 sensu
1150 1410 1258 1476 latiori
1285 1411 1327 1474 si·

122 1516 297 1607 gnificetur
315 1518 367 1592 id,
390 1518 473 1603 quod
488 1538 558 1582 rem
583 1517 713 1602 proprie
735 1515 899 1592 conficiat,
928 1518 1089 1601 seu..quod
1111 1538 1172 1581 noa
1194 1537 1330 1580 esserr-

120 1622 221 1686 tiam
251 1643 289 1686 ac
318 1633 516 1686 naturam
549 1621 609 1706 (bit
632 1624 736 1689 dictur
764 1624 824 1688 ttab
849 1620 1110 1706 bledileltnlpelt),
1134 1620 1330 1686 Scholastlcl

122 1728 369 1801 entitatem,
412 1727 711 1812 quidditatern,
760 1713 1094 1791 constitutivum
1139 1727 1192 1790 vel
1235 1725 1330 1790 etiam

121 1832 308 1898 formale
329 1839 390 1897 rei
413 1833 615 1918 adpellerent
646 1839 684 1913 ³).
717 1833 825 1896 Sensu
849 1843 958 1896 tamen
988 1831 1144 1897 strictiori
1174 1828 1332 1915 (essentia

121 1937 359 2024 metaphysica)
390 1936 620 2002 essentiae
642 1936 769 2002 nomine
792 1937 880 2000 venit
908 1934 1331 2000 substantiaaccidentibus

121 2044 288 2126 subjecta,
311 2062 370 2105 seu
387 2041 481 2117 illud,
504 2042 587 2126 quod
602 2041 733 2126 proprie
755 2061 824 2105 rem
844 2041 884 2105 ab
904 2040 989 2105 omni
1015 2040 1077 2105 alia
1100 2038 1276 2121 distinguit,
1300 2050 1334 2105 ct

120 2146 218 2212 radix
237 2146 469 2231 proprietatum
488 2146 559 2229 ejus
571 2167 610 2211 ac
632 2166 731 2210 causa
748 2157 807 2210 est.
862 2199 865 2203 .

209 2251 464 2317 Substantia
486 2251 602 2317 dicitur
617 2251 661 2326 id,
684 2254 767 2336 quod
779 2252 863 2315 nullo
880 2252 941 2317 alio
959 2251 1082 2337 indiget
1094 2261 1244 2334 tanquam
1258 2249 1332 2312 sub·

113 2360 230 2444 jecto,
252 2357 304 2425 cui
322 2357 504 2429 inhaereat,
528 2357 568 2420 ad
585 2356 800 2431 existendum,
824 2377 883 2421 seu
907 2355 1040 2441 paucis,
1064 2355 1148 2441 quod
1180 2364 1336 2419 exstat

119 2484 202 2551 per
225 2481 279 2528 oe.
301 2460 386 2525 Hinc
404 2461 463 2526 sub
478 2460 660 2525 substantia
678 2459 868 2547 intelligitur

208 2587 238 2631 a.
259 2588 317 2630 ens
347 2566 548 2639 absolutum,
570 2585 630 2630 seu
648 2566 759 2640 Deus,
791 2585 850 2649 per
872 2565 1117 2638 excellentiam,
1147 2575 1258 2649 utpote
1280 2563 1333 2648 quui

121 2674 227 2748 solus,
249 2671 322 2759 quia
343 2692 480 2758 prorsus
502 2670 757 2757 independenter
779 2670 819 2734 ab
842 2670 926 2734 omni
948 2692 1003 2744 re,
1027 2691 1105 2737 vere
1126 2691 1185 2755 per
1207 2690 1245 2735 ee
1268 2667 1334 2734 exi·

128 2778 205 2854 stit3

211 2884 241 2948 b.
275 2903 367 2946 omne
393 2902 452 2945 eus
484 2880 580 2945 etiarn
608 2878 746 2954 linitum,
777 2890 953 2965 quatenus,
983 2881 1060 2945 licet
1086 2880 1334 2965 dependendoa

120 2993 220 3064 Deo,
242 3000 432 3053 tamennon
454 2985 548 3052 alteri
565 2985 656 3051 finito
684 2986 830 3070 subJecto
867 2985 1082 3061 irahaereudo,
1113 2982 1260 3050 attributi
1281 2996 1336 3049 aot

119 3095 265 3165 actionis
280 3095 401 3167 instar,
424 3104 456 3157 et
476 3092 536 3157 boc
553 3112 653 3156 sensu
668 3092 790 3177 pariter
806 3111 865 3176 per
885 3112 923 3155 se
942 3101 1069 3165 exstat3
1092 3102 1187 3176 atque
1209 3090 1337 3153 tetidem

211 3221 240 3267 c.
262 3199 337 3264 illud
357 3199 388 3263 in
405 3199 532 3262 entibus
548 3196 663 3273 linitis,
687 3198 736 3262 cui
754 3209 905 3282 tanquam
920 3197 1069 3281 subjecto
1096 3193 1230 3259 durabili
1251 3193 1333 3259 acci·

118 3306 253 3381 dentia,
276 3303 322 3369 uti
353 3314 427 3366 suut
449 3301 621 3383 attributa,
652 3301 851 3366 adiectiones
883 3312 915 3363 et
944 3299 1107 3374 actiones,
1136 3298 1337 3365 inhaerentia

119 3411 329 3500 cogitantur,
353 3429 415 3494 quo
431 3427 531 3472 seusu
548 3405 730 3470 substantia
751 3405 791 3514 ab
815 3403 957 3469 essentia
982 3425 1081 3469 sensu
1109 3402 1266 3471 strictiori
1287 3422 1338 3467 ac·

120 3527 234 3604 cepta,
256 3514 342 3578 haud
357 3511 465 3577 differt
486 3510 524 3596 ⁴).

212 3619 282 3684 ld
273 3639 377 3704 ipsum
404 3639 463 3702 pro
486 3638 544 3680 auo
570 3626 678 3698 etymo
700 3625 790 3679 notat
810 3634 966 3701 graecum
987 3612 1162 3688 ὑσόςσασως,
1195 3626 1228 3677 et
1249 3614 1339 3680 ineo

127 3746 235 3794 sensu
251 3725 347 3789 etiam
361 3744 480 3789 revera
497 3745 516 3787 a
532 3721 699 3785 veteribus
715 3718 867 3783 Patribus
890 3730 1063 3803 usurpatur
1086 3720 1123 3804 ὅ).
1155 3719 1275 3784 Postea
1296 3732 1340 3784 ta·

125 3853 204 3899 meu
217 3850 297 3894 usus
315 3816 461 3904 invaluit,
482 3840 520 3892 ut
536 3846 602 3891 vox
622 3826 704 3890 hacc
719 3823 849 3888 nonnisi
866 3825 906 3887 de
928 3843 1108 3906 persona
1123 3822 1339 3890 adhiberetur.

127 3987 401 4008 m

163 4057 188 4116 ¹)
207 4053 250 4105 (ll
268 4052 395 4104 Petet.
415 4054 455 4101 De
476 4050 569 4101 Trinit.
588 4051 607 4098 l
626 4051 655 4099 4.
674 4061 699 4099 c.
720 4050 748 4098 1.
767 4059 795 4096 n
815 4046 897 4095 2-3.
914 4047 957 4094 De
969 4047 1050 4097 theol
1068 4048 1152 4104 duent.
1165 4043 1247 4096 Autv.
1268 4047 1341 4103 1700.

132 4140 653 4209 0....211181111.2...110011
1152 4184 1155 4193 ‚
1286 4158 1295 4170 -

165 4227 193 4299 ²)
211 4232 253 4286 01
272 4229 391 4293 Hilar,
410 4233 451 4281 Be
471 4231 537 4290 Suo
556 4244 583 4281 a.
602 4232 639 4278 31
659 4245 696 4280 11.
715 4225 784 4292 Opp.
804 4225 838 4278 Τ.
858 4226 884 4276 2.
903 4237 929 4276 o.
948 4223 998 4275 100
1015 4236 1057 4276 11

166 4315 257 4386 3)01.
275 4320 400 4373 Petav.
419 4317 440 4373 Ι.
459 4331 482 4369 a.
501 4331 529 4382 p.
550 4320 657 4371 10211.
714 4347 719 4358 ·

166 4406 749 4477 )01.Ροῐαν.1.ο.1011101111.
876 4449 880 4455 .

167 4499 192 4568 ⁵)
211 4500 254 4555 01.
272 4499 451 4551 Athenas.
476 4500 563 4558 Epist.
589 4503 624 4550 od
643 4501 703 4558 111.
730 4498 824 4557 It'nisc·
850 4510 877 4547 a·
901 4491 1026 4561 4.‚0pp.
1045 4492 1079 4545 Τ.
1099 4493 1123 4543 l.
1141 4490 1177 4542 Ρ.
1193 4492 1220 4543 2.
1238 4502 1264 4553 p.
1283 4489 1343 4539 001.

134 4597 176 4644 De
201 4583 365 4644 decama-
391 4590 455 4666 San.
478 4603 506 4641 a.
525 4589 574 4642 21.
598 4587 631 4643 Τ.
658 4591 682 4643 l.
699 4587 733 4639 Ρ.
757 4588 780 4637 1.
795 4599 822 4654 p.
840 4584 900 4638 202.
917 4607 950 4625 ·-
969 4584 1068 4648 lreu.
1089 4583 1166 4639 0111.
1183 4583 1256 4639 haer.
1276 4581 1298 4633 t.
1316 4582 1343 4629 ὅ.
