2926 5168
175 374 204 422 et
239 365 305 441 quis
334 367 419 423 Deus
450 365 567 422 triuuus
601 363 661 431 sit,
685 363 732 421 oui
762 381 867 420 nomen
900 364 929 421 in
959 363 1116 438 Baptismo
1139 362 1276 423 dedimus
1300 366 1378 424 obse·

174 470 334 546 quiumque
357 468 583 545 spopondimus,
607 469 738 553 exponit.

256 578 285 649 2.
306 576 478 636 ¹Doctrinae
499 572 570 633 istrie
591 570 731 634 doetrins
752 571 788 634 de
811 584 918 634 nnstna
938 572 1149 643 redemtione,
1165 575 1388 651 justificatione

175 702 209 742 se
236 692 365 767 aeterna=
390 683 487 759 salute
519 683 758 759 superstruitur,
789 683 831 739 ita
863 690 895 762 ut
920 681 978 757 hor
1008 699 1066 744 uno
1097 681 1292 759 fundamento
1327 692 1391 743 stet

175 798 330 848 structura
353 785 521 846 catholicae
552 786 730 862 religionis,
761 794 793 844 et
823 786 1102 845 adudaeorum'et
1125 788 1296 846 Gentilium
1321 789 1396 846 reli·

174 897 264 972 gione
288 895 437 970 utrimque
460 891 659 967 disjungatur,
683 893 781 968 sitque
805 895 847 951 uti
869 894 948 960 iidei,
972 894 1014 952 ita
1037 902 1066 951 et
1086 894 1209 951 virtutis
1229 912 1265 952 ao
1286 895 1400 952 solatii

173 1001 362 1076 principium.
386 995 576 1074 Quapropter
600 1006 635 1065 et¹
652 998 685 1055 S.
707 1000 982 1074 Augustinus,
1007 999 1043 1056 de
1065 1000 1210 1072 mysterio
1235 998 1295 1057 88.
1323 1000 1403 1057 Tri-

174 1106 279 1164 nitatis
304 1105 460 1162 soribens:
482 1099 551 1160 Nee
570 1100 792 1176 periculosius,
821 1105 872 1171 ait,
896 1103 1013 1163 alieubi
1034 1107 1173 1172 erratur,
1194 1121 1254 1163 nee
1276 1103 1408 1164 lodori-

174 1210 265 1285 osias
288 1207 411 1289 aliquid
417 1207 596 1288 ,quaeritur
603 1250 617 1285 ,
646 1225 704 1269 ner
727 1208 930 1285 srumuoeius
961 1209 1273 1290 aliquidiovenitur.
1311 1211 1410 1270 Hinc

173 1325 275 1393 autem

256 1420 287 1487 3.
310 1421 447 1479 doctrina
468 1420 520 1478 ilia
543 1437 658 1495 quoque
681 1419 908 1496 infensissimos
932 1421 1039 1498 quovis
1070 1428 1204 1497 tempore
1229 1430 1325 1485 nacta
1349 1430 1421 1480 est

175 1528 390 1594 adversarios,
420 1526 462 1584 ita
485 1535 516 1582 ut
539 1526 651 1583 nullum
683 1524 762 1602 aliud
794 1543 923 1602 unquam
954 1525 1065 1602 dogma
1086 1536 1147 1595 tam
1170 1527 1245 1587 iorti
1269 1537 1421 1605 tamque

176 1634 438 1710 repetitopiuppetn
453 1630 681 1709 impugnatum,
704 1639 794 1706 atque
815 1648 852 1688 ex
873 1631 954 1691 omni
973 1640 1060 1707 parte
1083 1633 1274 1707 exploratum
1295 1641 1420 1692 tenta-

121 1721 123 1725 *
175 1749 296 1815 tumque
320 1737 420 1814 fuerit.
444 1734 684 1814 Sriebanttenim
703 1754 827 1804 omnes,
851 1736 957 1811 quihus
975 1737 1085 1813 religio
1104 1736 1280 1799 Christiana
1299 1757 1422 1797 exosa

176 1852 253 1913 erat,
275 1849 390 1920 negatp
407 1842 459 1901 iiio
475 1840 638 1918 mysterio,
670 1840 828 1919 religionis
850 1840 1042 1915 Christianae
1067 1842 1297 1916 fundamentum
1326 1845 1416 1902 sub-

176 1950 267 2028 verti,
288 1946 371 2023 Unde
390 1963 446 2025 quo
467 1943 574 2018 majori
592 1953 700 2015 conatu
721 1962 757 2004 ac
776 1944 928 2007 industria
944 1946 1053 2022 dogma
1070 1950 1267 2023 nostrumab
1284 1949 1414 2008 adver-

102 2096 106 2100 -
178 2054 270 2115 seriis
294 2057 494 2137 oppugnatpr,
519 2069 553 2111 eo
571 2049 737 2132 impensius
757 2051 843 2109 nobis
863 2047 1083 2124 defendendum
1101 2061 1157 2113 est.

518 2238 544 2320 i.
569 2231 632 2313 31‚
657 2234 1035 2323 conspectus

261 2409 342 2474 Cum
370 2407 560 2493 mysterium
586 2408 647 2471 88.
677 2407 875 2472 Trinititutis
896 2408 928 2471 in
950 2430 989 2472 eo
1006 2410 1181 2485 eurisistat,
1205 2413 1295 2496 quod
1318 2412 1397 2476 nihii

178 2517 271 2600 plane
302 2513 510 2598 perfeetionis
534 2513 689 2576 naturalis
718 2513 837 2577 inuno
864 2513 980 2589 trium,
1012 2515 1165 2589 Patre,
1195 2516 1312 2581 Filio
1342 2529 1393 2582 aut

179 2620 349 2704 Spiritu
373 2621 406 2681 S.
430 2618 523 2691 adsit,
546 2621 630 2702 quod
651 2640 714 2682 non
740 2628 771 2682 et
793 2619 824 2682 in
853 2619 977 2682 duobus
1006 2620 1077 2684 aliis
1099 2621 1306 2707 reperiatur,
1337 2626 1388 2686 sed

72 2740 73 2745 ’
180 2732 320 2798 Pater,
353 2723 492 2787 Filius
523 2735 557 2786 et
585 2723 779 2809 Spiritus
811 2724 844 2787 8.
875 2725 988 2788 eadein
1012 2738 1145 2790 aeterna
1168 2749 1206 2792 ac
1235 2729 1385 2794 immensa

181 2841 296 2894 nutura
311 2831 385 2904 sint,
409 2841 441 2893 et
460 2830 533 2893 ideo
549 2829 840 2894 consubstantioies
860 2849 898 2894 ae
916 2852 1053 2915 prorsus
1075 2835 1247 2918 aequales,
1270 2832 1382 2899 idcirco

182 2930 286 3004 temen
306 2939 434 3001 Peter
452 2959 512 3000 non
531 2936 574 3000 sit
591 2936 746 3009 Filius,
769 2957 829 3000 uer
852 2937 983 3000 Pater
1005 2950 1060 3001 aut
1077 2936 1214 3004 Filius
1238 2939 1283 3004 sit
1303 2938 1380 3024 epi·

183 3047 292 3110 ritus
314 3046 366 3118 8.,
399 3043 457 3105 sed
484 3043 610 3105 Peter
638 3054 671 3105 et
701 3041 843 3105 Filius
877 3055 910 3105 et
942 3043 1132 3127 Spiritus
1162 3045 1197 3108 8,
1222 3045 1379 3131 sintper-

184 3171 311 3216 sonee
334 3169 353 3212 a
375 3168 417 3210 so
439 3146 614 3211 invicem
637 3148 817 3211 realiter
841 3146 1103 3233 distinetee3
1125 3150 1222 3234 idque
1246 3160 1378 3218 eatenus,

183 3268 339 3344 quatenus
374 3274 436 3318 una
468 3254 506 3317 ob
536 3252 638 3316 altera
667 3253 805 3336 accipiat
834 3252 1015 3340 originem,
1043 3272 1102 3318 seu
1134 3274 1194 3318 tura
1228 3257 1268 3319 ab
1293 3257 1378 3320 altera

182 3361 393 3448 procedat,
417 3356 568 3422 videiioet
584 3357 660 3422 P-at
673 3379 716 3422 er
735 3370 890 3422 aeternus
910 3360 950 3422 ab
972 3359 1043 3446 ipsa
1064 3360 1256 3424 aeternitate
1279 3360 1378 3448 gene·

181 3479 249 3532 ret
270 3465 434 3545 uitium,
457 3465 562 3528 Deum
583 3465 718 3527 ettttdetn
733 3474 915 3537 ueternum,
938 3464 1065 3528 Pater
1087 3465 1165 3529 item
1187 3477 1227 3530 et
1248 3465 1377 3536 nitius,

183 3585 343 3658 tamquam
365 3587 462 3633 unum
491 3567 702 3654 principium,
733 3569 773 3631 ab
805 3568 890 3632 omni
921 3568 1113 3632 aeternitate
1148 3584 1211 3632 em
1229 3569 1239 3632 i
1254 3577 1269 3633 t
1286 3580 1299 3633 t
1315 3575 1378 3633 ant

183 3674 430 3760 (ἐκπέμπουσιν),
463 3690 522 3737 seu
555 3674 725 3758 spirent
755 3673 963 3758 Spiritum
994 3675 1049 3749 8.,
1081 3673 1125 3737 ite
1157 3684 1191 3738 ttt
1222 3666 1375 3759 generetis

184 3784 254 3848 Filii
277 3795 310 3846 et
331 3777 499 3902 processio
523 3779 664 3864 Spiritus
686 3783 721 3843 8
746 3796 882 3865 prorsus
906 3781 1018 3844 eedem
1040 3780 1165 3844 ratione
1195 3779 1262 3843 sint
1282 3773 1377 3842 diuini·

186 3891 261 3954 tatis
283 3887 434 3973 propriae
457 3907 495 3950 ae
516 3885 586 3987 ipsa
609 3886 776 3950 divinitas:
801 3896 957 3950 tractatus
990 3907 1148 3991 praesens
1171 3887 1337 3950 commode
1354 3897 1376 3942 ¹¹¹

187 4008 254 4059 tres
277 3992 419 4077 dispesci
433 3980 549 4077 potest
571 3991 696 4054 titulos
689 4008 856 4077 ‚pirorum

273 4105 301 4166 i
322 4096 480 4185 ostendit,
513 4097 677 4160 Patrem
700 4096 924 4186 etFiliunr
938 4107 976 4159 et
999 4095 1262 4184 SpiritumS⁸
1286 4107 1379 4161 esse

188 4225 303 4270 tinum
302 4177 587 4295 eundemque
610 4200 744 4291 Deum,
768 4223 827 4265 seu
837 4176 926 4265 sibi
950 4195 1354 4289 consubstantiales.

193 4397 470 4416 Μ

224 4509 248 4566 1)
267 4503 310 4555 cr.
329 4500 507 4552 nonanes.
528 4499 572 4549 or.
593 4501 619 4548 1.
638 4505 707 4550 cont.
726 4499 818 4548 Areon.
836 4511 863 4550 n.
884 4498 930 4546 rs
958 4495 1030 4561 opp.
1047 4494 1079 4547 u.
1100 4494 1122 4546 t.
1141 4490 1173 4546 r.
1194 4493 1219 4549 t.
1238 4509 1266 4562 p.
1283 4494 1334 4547 na.
1349 4483 1374 4536 t·
1456 4492 1459 4502 ·

223 4589 248 4657 ¹)
266 4598 307 4646 De
328 4594 422 4644 frisia
440 4595 461 4641 1.
481 4592 508 4640 t.
527 4603 552 4639 e.
570 4591 596 4638 e.
617 4603 645 4640 n.
665 4591 694 4640 6.
713 4587 783 4652 opp.
802 4584 921 4637 ¹1¹..8..c.
939 4579 1012 4636 'idda‘
