2926 5168
1258 176 1317 255 181

109 331 449 415 praedestinatio
472 339 510 408 ¹),
533 333 750 394 decretum
785 331 934 416 ²),·quum
956 336 1069 396 reiorri
1098 350 1188 415 queat
1209 343 1259 401 vel
1282 344 1318 403 ad

111 457 167 513 res
187 440 233 498 sie
248 440 345 499 dictas
360 440 534 501 necessario
550 440 735 509 existentes,
758 441 806 500 vel
828 441 864 499 ad
883 459 939 509 ea,
961 444 1191 518 quaa'actiones
1205 448 1320 507 liberas

113 546 228 603 entium
256 546 449 604 rationalium
482 555 667 623 sequuntur,
690 548 787 624 iisque
818 555 959 622 tanquam
990 549 1155 609 conditioni
1173 553 1320 614 adstricta

113 659 205 718 sunt,
225 651 276 708 vel
289 667 362 709 vero
379 650 415 710 ad
434 652 519 728 ipsas
536 651 628 726 hasce
649 651 785 711 actiones
810 671 828 710 a
853 653 974 714 naturis
1000 655 1242 733 intelligentibus
1269 679 1320 736 po·

114 754 252 824 neudas,
273 774 365 832 porro
380 755 524 815 dividitur
550 757 580 814 in
619 757 1150 831 voluntatemvahsolutam,
1184 763 1320 823 condi·

116 861 311 921 tionatam
334 868 364 920 et
386 861 643 920 voluntatem
668 861 791 938 sigui.
811 861 1010 922 Voluntas
1032 866 1227 926 absoluta
1250 863 1323 949 (de-

115 976 282 1025 cretum
303 965 558 1040 absolutum)
581 976 702 1035 cetea,
733 985 791 1044 qua
817 969 901 1026 Deus
929 968 995 1026 vult
1024 969 1220 1047 simpliciter,
1242 975 1322 1033 nulla

116 1073 237 1133 ratione
260 1071 362 1131 hahita
377 1072 414 1131 ad
432 1073 669 1149 qualemcunque
689 1072 891 1132 conditionem
916 1092 952 1132 ex
972 1083 1059 1150 parte
1074 1077 1152 1147 rei,
1167 1078 1211 1137 'ud
1235 1097 1324 1157 quam

116 1178 254 1237 retertur
262 1219 276 1255 ,
298 1187 329 1236 et
342 1194 418 1254 quae
433 1185 596 1255 propterea
613 1195 734 1253 sempor
750 1178 893 1254 impletur
916 1174 951 1259 ³).
962 1210 999 1225 -
1013 1180 1220 1242 Voluntas
1243 1201 1325 1243 oon·

116 1282 329 1343 dit-ionata
351 1301 406 1341 scu
437 1281 704 1359 hypothetica
733 1282 956 1358 (decretum
978 1285 1324 1360 conditionatum,

116 1384 437 1469 hypotheticum]
460 1395 518 1456 est,
542 1406 600 1464 qua
615 1391 700 1448 Deus
721 1387 857 1447 decernit
877 1389 989 1466 aliquid
1013 1390 1080 1450 lieri
1102 1391 1204 1453 habito
1221 1404 1325 1474 respe-

116 1503 169 1555 ctu
181 1494 220 1552 ad
241 1501 356 1553 certam
380 1493 582 1554 conditionem
598 1513 637 1553 ex
654 1503 740 1569 parte
751 1495 807 1562 rei,
822 1512 910 1571 quam
925 1497 1063 1572 respicit,
1082 1507 1112 1557 et
1129 1501 1326 1580 quaeitaqne

115 1609 238 1660 tautum
269 1601 410 1658 ellectum
433 1601 572 1669 sortitur,
606 1598 723 1676 quando
750 1598 880 1658 conditio
905 1601 958 1660 llla
981 1602 1113 1663 adiuerit
1135 1605 1174 1682 ⁴).
1197 1637 1236 1651 -·
1258 1609 1326 1666 Vo-

112 1708 259 1767 luntas
280 1705 406 1782 denique
428 1707 625 1783 signierit,
647 1723 705 1782 qua
719 1707 803 1765 Deus
821 1723 865 1789 ‘ea
887 1707 968 1776 vult,
990 1726 1066 1784 quae
1090 1711 1209 1770 entibus
1234 1714 1326 1772 ratio·

112 1813 241 1873 nalihus
256 1812 353 1870 libere
365 1811 550 1888 praestanda
566 1818 653 1880 sunt,
675 1829 791 1888 quaque
815 1829 874 1871 non
901 1813 967 1888 ipse
980 1816 1070 1892 agit,
1093 1815 1146 1874 sed
1173 1835 1248 1893 quae
1270 1837 1328 1876 nos

112 1936 215 1998 agere
229 1924 365 1994 oportet,
389 1918 454 1976 sivo
469 1937 522 1994 per
542 1919 691 1976 rationem
711 1919 776 1976 sive
790 1936 845 1994 per
861 1921 1098 1990 revolutionem,
1121 1922 1282 1999 significat
1293 1919 1327 2003 ⁵).

108 2025 182 2084 Alii
200 2033 304 2091 tamen
327 2024 382 2082 sub
403 2024 559 2082 voluntate
581 2023 662 2099 signi
685 2023 805 2081 nonnisi
835 2041 952 2082 merum
975 2033 1005 2083 et
1025 2034 1183 2084 externum
1208 2028 1328 2104 signum

110 2129 289 2190 voluntatis
307 2128 435 2197 divinae,
453 2147 508 2186 seu
525 2129 624 2205 legem
640 2128 773 2186 divinam
792 2130 993 2205 patefactam,
1015 2140 1105 2207 prout
1126 2133 1156 2190 in
1174 2150 1216 2191 so¹
1231 2134 1329 2191 consi-

106 2237 270 2304 deratur,
293 2234 476 2311 intelligunt,
498 2252 557 2291 non
575 2235 671 2311 ipsam
689 2235 840 2293 internam
858 2237 1060 2307 voluntatem,
1082 2237 1171 2313 quam
1192 2238 1222 2295 ln
1245 2238 1330 2296 illius

110 2340 313 2419 oppositione
337 2339 523 2399 voluntatem
546 2340 728 2416 beneplaciti
755 2336 917 2415 adpellant.
935 2340 1261 2418 ·0oeterum·quinque
1283 2361 1330 2402 as·

107 2448 245 2526 signari
268 2447 369 2505 solent
388 2446 555 2504 voluntatis
579 2445 698 2504 divinae
721 2446 827 2522 sigua,
850 2441 909 2504 hoc
931 2464 1023 2505 versu
1045 2453 1209 2523 expressa:
1299 2482 1303 2487 =

206 2551 388 2629 Praecipit,
411 2557 444 2611 et
459 2550 619 2626 procidet,
641 2553 804 2629 percoluit,
825 2549 972 2621 concredi,
992 2549 1109 2628 duplet.

209 2659 286 2718 (iiim
299 2667 400 2716 temen
421 2657 510 2716 nobis
526 2674 582 2714 ceu
595 2657 715 2715 euntibus
733 2657 982 2734 contingentibus
998 2657 1077 2715 ratio
1094 2652 1332 2718 efficaciae'sni·

105 2768 235 2826 ticieus
270 2762 346 2822 haud
376 2763 469 2833 insit,
501 2771 531 2820 et
556 2771 717 2838 praeterea
743 2762 779 2822 ad
808 2762 985 2821 salutariter
1006 2761 1192 2837 operandum
1208 2764 1332 2839 speciali

105 2873 243 2934 auxilio
270 2870 370 2929 divino
401 2867 608 2944 indigeamus:
629 2875 663 2925 ut
680 2884 792 2926 revera
815 2883 958 2942 agamus,-
979 2866 1121 2923 voluntas
1157 2867 1238 2943 signi
1278 2884 1332 2925 seu

104 2979 173 3038 lex
199 2975 303 3035 diviua
336 2993 395 3034 non
436 2974 570 3048 sullicit3
592 2972 645 3031 ced
681 2973 765 3030 Deus
803 2972 927 3048 insuper
954 2971 1109 3029 voluntate
1137 2989 1193 3030 sua
1215 2972 1332 3030 edicaol

106 3100 180 3148 seu
209 3081 369 3139 voluntate
402 3079 582 3154 beneplaciti
611 3079 642 3136 in
672 3076 788 3154 agendo
818 3076 974 3135 nobiscum
1003 3076 1168 3136 concurrit.
1190 3074 1255 3150 Quo
1277 3095 1330 3135 re*

108 3197 236 3268 spectu

214 3309 242 3350 c.
256 3291 396 3351 voluntas
413 3288 513 3348 divina
529 3287 725 3366 distinguitur
742 3288 772 3346 iu
786 3287 1040 3357 ordinantem,
1058 3303 1115 3364 qua
1128 3288 1212 3345 Deus¹
1225 3287 1335 3345 bonum

109 3403 248 3462 directe
266 3397 344 3464 vult,¹
364 3402 393 3453 et
410 3395 730 3471 permittentem,
753 3408 812 3474 qua
830 3393 942 3451 melum
958 3391 1127 3468 permittit,
1159 3400 1191 3450 et
1211 3399 1335 3450 eatenus

109 3502 204 3566 illud
222 3503 298 3569 vult,
320 3510 466 3578 quatenus
488 3500 660 3562 libertatem
682 3499 768 3557 uobis
790 3511 850 3556 nou
873 3496 988 3569 adimit,
1011 3516 1067 3574 qua
1077 3497 1195 3555 nonnisi
1211 3494 1336 3553 'sublata
1366 3552 1368 3565 ,
1414 3570 1429 3588 s

111 3608 205 3671 illud
228 3604 400 3685 praepediri
427 3613 550 3682 posset,
573 3604 661 3682 idque
684 3613 857 3680 propterea,
879 3604 949 3679 quia
970 3621 1060 3662 secus
1082 3604 1180 3678 ipsam
1199 3606 1336 3659 nostram

111 3725 272 3776 naturam
293 3712 462 3779 destruere,
484 3710 601 3787 sibique
623 3708 833 3770 contradicere
855 3708 990 3769 deberet.

114 3867 376 3886 W

161 3932 189 3996 3)
209 3935 291 3986 Rom.
310 3933 336 3994 8,
353 3931 465 3981 29-30.

160 4018 189 4083 ²)
209 4021 251 4071 Is.
270 4021 312 4081 11,
329 4022 377 4076 27.
399 4021 461 4070 det.
479 4018 504 4080 1,
523 4019 567 4071 28.

161 4105 193 4177 ³)
212 4111 257 4164 (ii,
274 4108 338 4161 dol).
356 4111 399 4170 23,
419 4111 460 4160 13.
478 4109 526 4159 Ps.
546 4109 604 4168 113,
622 4109 639 4156 3
657 4102 726 4170 (11).
745 4106 782 4156 la.
800 4104 843 4165 19,
863 4105 904 4154 19.
923 4103 1006 4155 Esto.
1025 4103 1067 4165 13,
1085 4105 1112 4154 9.
1139 4102 1227 4166 Apoc.
1246 4102 1278 4162 1,
1297 4104 1340 4154 11.

163 4199 192 4265 ¹⁶)
212 4199 256 4255 Cf.
272 4199 363 4253 exod.
379 4201 423 4259 32,
443 4197 551 4249 19-11.
571 4196 621 4248 Pe.
642 4197 700 4257 192,
721 4196 751 4245 17
771 4207 796 4244 s.
813 4195 840 4247 3.
856 4195 930 4256 fleg,
948 4196 974 4253 9,
992 4194 1008 4244 1
1025 4207 1068 4243 as.
1086 4192 1112 4244 1.
1139 4193 1210 4257 Reg.
1237 4192 1278 4264 13,
1298 4193 1340 4242 19.

104 4288 173 4344 Ιο.
193 4292 237 4349 56,
256 4290 282 4339 2.
299 4289 405 4341 Erech.
424 4291 466 4348 33,
486 4289 517 4337 12
535 4301 577 4336 ss.
593 4286 680 4336 ProV.
700 4287 723 4343 1,
741 4284 785 4334 21.
803 4284 868 4334 don.
887 4281 954 4344 3,1.
981 4279 1047 4331 coll.
1074 4295 1115 4330 ss.
1145 4279 1250 4332 Mattio.
1276 4281 1336 4342 7,7

102 4377 175 4439 21,
193 4379 226 4428 21
245 4391 271 4429 s.
289 4377 382 4428 Marc.
401 4378 441 4437 11,
461 4378 503 4429 ti.
519 4376 591 4426 Luc.
611 4376 651 4435 11,
670 4377 695 4425 9.
715 4374 799 4424 doan.
819 4373 860 4429 11,
880 4374 921 4421 13.
940 4371 1002 4422 dac.
1022 4370 1046 4431 1,
1064 4371 1090 4419 5.
1138 4432 1141 4443 ,

167 4463 407 4530 5)Ρι.5,1.19,
428 4468 467 4515 17.
497 4465 603 4516 Enoch.
628 4465 671 4520 33,
699 4463 740 4514 11.
766 4461 869 4513 Mattio.
887 4462 914 4521 o,
933 4462 975 4513 to.
1003 4461 1043 4519 12,
1063 4461 1104 4510 ld.
1121 4459 1184 4511 Act.
1205 4461 1230 4520 7,
1248 4461 1292 4512 tl.
1314 4461 1337 4510 1.

102 4551 238 4612 Thess,
256 4557 281 4614 1,
298 4559 325 4610 9.
345 4557 370 4610 1.
389 4554 462 4608 Tim.
480 4555 506 4615 2,
525 4555 550 4607 1.
571 4554 692 4608 l.-Pctr.
709 4553 736 4619 2,
756 4553 843 4607 liet.
861 4552 946 4626 ioan.
963 4550 990 4610 2,
1009 4551 1051 4605 17.
1070 4549 1095 4610 5,
1116 4547 1158 4626 11.
1249 4585 1252 4591 .
