2926 5168
320 397 392 464 ton
414 389 563 477 esque
584 389 691 474 iuret!

321 498 412 570 titire
435 496 559 580 tuetur
581 497 644 563 unt
665 493 766 578 fucit
940 564 943 571 ,

318 606 388 672 Μ
409 603 526 669 tiotett
549 598 714 667 metente:
737 602 797 665 bes
819 597 931 678 tuest,

319 712 386 778 Iter
407 706 501 791 etoiqr
523 704 628 787 &cim

322 892 394 959 use
415 886 564 973 oeque
585 886 710 971 qttrtrtcp

322 994 414 1066 titire
434 993 547 1079 gitteo
568 997 629 1060 one
653 986 741 1076 qtirbt

318 1099 381 1171 eie
402 1098 486 1168 ticio
508 1102 561 1166 ees
584 1100 702 1166 iictori
724 1113 789 1182 quur
813 1096 937 1179 &stne

318 1205 382 1275 ute
402 1203 486 1272 crete
508 1208 562 1270 ece
586 1202 717 1284 &eques
739 1218 805 1285 pou
827 1203 945 1284 ttetem

324 1311 393 1379 itus
414 1308 532 1378 uriom
554 1307 741 1389 eotttreqttu

322 1413 413 1486 iiico
434 1413 635 1494 eetttrelrteu,
659 1411 818 1494 eutiltoiptt

321 1523 389 1590 tou
411 1519 520 1605 [putige
546 1517 641 1598 ueto.

205 1703 347 1769 Necnon
356 1701 427 1788 ipse
437 1698 665 1767 catechismus
672 1700 842 1766 Romanus
856 1699 972 1767 hebet:
992 1699 1077 1774 Oret,
1089 1734 1125 1746 -
1135 1703 1334 1785 utaliquan-

122 1813 162 1874 do
183 1816 220 1873 in
239 1816 374 1872 aeterno
395 1809 604 1870 cunenses
624 1815 773 1888 receptus
802 1809 918 1885 (liparas
939 1811 1003 1887 eit,
1025 1798 1080 1889 qui
1111 1807 1227 1881 videat,
1250 1827 1332 1890 quoe

119 1922 209 1982 tunic
228 1917 274 1978 sit
294 1915 356 1976 tta·
376 1917 485 1977 Patrio
501 1916 730 1993 foecunditas,
752 1920 790 1973 ut
805 1933 840 1974 sc
856 1917 961 1992 ipsum
980 1915 1125 1984 intuens,
1158 1916 1255 1994 atque
1282 1915 1335 1974 in·

121 2011 288 2102 tetliqeus,
314 2043 429 2103 parem
457 2027 491 2082 et
515 2021 683 2102 aequalem
711 2021 772 2081 aiii
799 2020 921 2082 Filium
949 2021 1082 2097 piena&
1111 2038 1212 2098 quove
1247 2019 1336 2080 modo

121 2131 255 2192 duorum
276 2129 359 2190 idem
375 2133 473 2210 piune
494 2133 528 2188 et
539 2146 603 2208 por
625 2127 792 2187 eharitatis
823 2144 932 2198 umor,
955 2125 1018 2222 *qui
1046 2123 1183 2201 Spiritus
1212 2121 1248 2186 S.
1280 2130 1336 2195 eol,

121 2255 141 2296 u
162 2237 257 2294 Putre
278 2237 310 2292 ct
329 2230 415 2293 Filio
434 2229 610 2307 procedens
617 2273 631 2308 ,
655 2226 839 2290 Genitorem
852 2240 885 2290 et
902 2226 1053 2292 (lenitum
1068 2232 1221 2312 aeterno,
1243 2238 1337 2310 utque.

122 2336 336 2399 indissolubili
356 2335 481 2398 omento
502 2336 586 2396 iuter
608 2353 644 2395 se
665 2339 848 2414 connectat,·
870 2338 965 2416 utque
986 2336 1031 2392 itu
1052 2333 1180 2395 &uiuae
1192 2332 1336 2396 Trinita-

29 2461 31 2466 ·
124 2447 166 2504 tis
185 2462 253 2504 ortu
275 2444 318 2503 eit
338 2444 480 2502 essentia
487 2482 500 2518 ,
523 2449 557 2501 ct
576 2440 673 2500 trium
692 2458 907 2524 perpessurum
925 2441 1074 2517 perfectu
1095 2439 1257 2500 distinctio
1278 2444 1318 2511 ¹).

208 2546 284 2607 0bs
297 2567 335 2607 er
348 2565 377 2604 v.
401 2548 431 2610 1.
456 2543 570 2620 Quodsi
592 2555 693 2605 autem
717 2552 746 2604 et
768 2544 864 2606 hocce
885 2551 1052 2620 systemate
1075 2545 1256 2620 mysterium
1281 2544 1335 2604 SS.

125 2654 286 2714 Trinitatis
309 2651 387 2710 haud
411 2652 632 2728 explicaretur:
654 2651 683 2709 id
706 2658 824 2710 certum
845 2667 880 2709 ac
899 2652 1028 2710 evictum
1055 2660 1122 2720 est,
1144 2651 1260 2709 nullum
1278 2667 1336 2723 my·

126 2761 253 2820 sterium
278 2756 351 2818 illud
379 2756 537 2816 continere
559 2774 627 2815 cum
660 2757 818 2835 principiis
837 2756 969 2833 rationis
990 2760 1232 2838 repugnantiam.
1256 2758 1336 2819 llaec

128 2867 208 2926 enim
225 2874 296 2924 tuuc
312 2870 428 2922 tentum
448 2863 548 2922 locum
565 2861 711 2933 haberet,
734 2863 760 2920 si
780 2862 860 2921 idem
880 2862 1044 2942 eodemque
1070 2873 1214 2940 respectu
1239 2867 1275 2926 de
1297 2864 1335 2926 ti·

127 2972 254 3030 ciuitate
276 2970 484 3029 affirmaretur
506 2978 536 3028 ct
564 2977 749 3049 negaretur,
779 2970 856 3048 quod
878 2977 979 3029 tamen
1007 2987 1193 3048 nequaquam
1219 2973 1335 3032 obtinet.

127 3075 231 3154 Neque
260 3075 405 3150 mysterio
438 3073 496 3134 SS.
527 3069 688 3134 Trinitatis
718 3075 819 3134 obstat
848 3064 1029 3153 principium
1059 3075 1150 3148 illud,
1182 3095 1260 3154 quac
1280 3079 1335 3137 siut

128 3181 232 3241 eadem
246 3181 297 3239 uui
315 3181 424 3250 tertio,
449 3198 518 3240 esse
548 3199 665 3260 quoque
677 3180 780 3241 eadem
792 3182 873 3241 inter
896 3201 939 3242 se.
961 3185 1035 3243 Nam
1055 3201 1130 3262 quae
1150 3194 1222 3244 sunt
1239 3186 1333 3247 eaden

129 3288 181 3346 uni
203 3288 313 3357 tertio,
337 3293 407 3344 sunt
428 3286 546 3363 quidem
574 3288 663 3346 etiam
689 3286 792 3346 eadem
816 3289 897 3347 inter
918 3307 973 3359 se,
995 3295 1128 3348 attamen
1159 3298 1277 3350 tantum
1303 3310 1332 3350 oe

127 3401 291 3472 respectu,
314 3410 371 3470 quo
390 3400 460 3450 sunt
477 3391 581 3473 eadem
599 3393 651 3451 uui
666 3393 773 3460 tertio,
796 3412 854 3452 nou
873 3393 942 3453 alio.
965 3392 1044 3452 Tres
1061 3393 1180 3456 divinae
1193 3411 1332 3473 personae

130 3505 230 3558 autem
256 3504 327 3556 suut
343 3503 459 3556 tantum
481 3496 602 3556 eaedem
618 3498 649 3556 in
668 3489 844 3569 divinitate,
866 3496 944 3557 uude
961 3507 991 3557 et
1004 3505 1074 3556 suut
1098 3500 1222 3560 eaedem
1250 3502 1331 3562 hocce

128 3611 298 3685 respectu,
321 3621 428 3680 nempe
448 3612 520 3662 sunt
535 3598 613 3662 idem
629 3606 733 3674 Deus,
757 3611 789 3661 at
806 3621 865 3688 uon
885 3611 956 3662 sunt
970 3603 1048 3664 idem
1063 3604 1093 3662 in
1111 3608 1330 3681 personalitate,

130 3707 209 3768 unde
247 3726 305 3767 non
329 3717 400 3768 suut
434 3726 551 3787 quoque
582 3708 704 3771 eaedem
725 3709 778 3768 illo
801 3718 960 3786 respectu,
982 3726 1038 3768 seu
1059 3727 1117 3770 uon
1144 3721 1219 3772 suut
1241 3712 1331 3774 oeten

131 3830 271 3890 persona.

215 3916 298 3993 Quod
321 3937 414 3998 porro
439 3919 476 3980 erl
501 3919 576 3980 illud
602 3920 729 3991 attinet,
752 3920 876 3981 cuilibet
899 3938 1050 3999 personae
1074 3919 1219 3993 itunae,
1241 3927 1331 4003 utpote

133 4025 169 4086 ab
191 4025 261 4084 aliis
281 4026 408 4085 realiter
429 4026 609 4096 distinctae,
632 4026 742 4105 aliquid
763 4026 882 4105 quidem
901 4021 1026 4096 inesse,
1050 4026 1127 4106 quod
1157 4027 1228 4088 aliis
1251 4026 1330 4092 desit,

133 4129 186 4191 sed
213 4129 304 4189 simul
329 4130 442 4211 aliquid
469 4130 595 4201 deesse,
619 4131 696 4210 quod
720 4131 769 4191 his
797 4133 887 4204 insit,
918 4141 948 4192 et
973 4132 1040 4192 ideo
1055 4132 1168 4193 nullam
1183 4147 1330 4212 personam

133 4236 263 4296 divinam
290 4253 360 4295 esse
386 4237 524 4296 absolute
549 4237 739 4315 perfectam:
766 4226 987 4299 observandum
1012 4246 1075 4309 est,
1097 4238 1240 4299 notiones
1261 4239 1330 4302 ilus

132 4343 242 4422 quitum
261 4343 400 4421 singulae
417 4361 568 4420 personae
588 4361 605 4402 a
627 4359 661 4403 sc
682 4345 813 4411 invicem
826 4344 986 4413 differunt,
1007 4362 1065 4402 non
1094 4361 1165 4404 esse
1185 4341 1331 4422 perfectio·

129 4467 193 4510 uos
208 4449 383 4522 absolutas,
406 4451 459 4509 sed
476 4458 592 4510 tantum
605 4450 771 4520 relativas,
794 4468 920 4527 quarum
937 4448 1063 4528 quaevis
1095 4467 1217 4514 summa
1246 4444 1331 4510 estin

168 4657 192 4719 ¹)
212 4653 265 4709 Ed.
284 4653 388 4710 Vtenn.
407 4654 483 4710 1833.
500 4667 528 4722 p.
548 4655 588 4707 19.
