2926 5168
123 227 187 296 tta

126 381 278 465 pendere,
302 400 359 444 seu
382 381 548 444 dumtaxat
557 379 626 462 eju
648 376 858 462 omnipotenti
868 373 1034 440 voluntate
1049 373 1205 448 existere,
1229 393 1331 437 suam·

126 508 186 572 que
203 486 410 551 existentiam
425 484 611 551 continuar'e
629 505 738 569 posse.
761 483 852 563 Quod
872 481 971 546 statui
1002 481 1099 545 debet
1112 480 1153 545 de
1183 478 1332 544 omnibus

125 604 158 658 et
180 591 314 678 singuiis
336 593 436 656 rebus
457 611 630 676 earumque
651 589 785 664 viribus,
808 609 948 654 necnon
967 587 1181 674 suppeditatis
1200 587 1240 651 ad
1259 586 1331 648 sub·

123 698 301 762 sistendum
310 699 523 785 adjumentis3
547 720 642 784 quum
656 697 825 762 manifeste
842 716 955 760 omnes
965 715 1021 758 res
1029 694 1062 758 in
1079 694 1197 758 mundo
1209 713 1331 756 earum-

120 823 182 888 que
198 803 286 868 vires
305 803 369 868 sint
387 803 634 892 contingentes,
657 817 689 868 et
719 803 910 890 contingens
933 822 1057 888 quoque
1085 800 1147 874 sit,
1172 798 1257 884 quod
1276 796 1330 862 iis·

120 909 212 983 dem,
236 909 351 994 quibus
374 910 414 972 ad
437 909 682 974 subsistendum
700 910 865 998 indigent,
888 929 952 972 non
968 906 1085 971 desint.
1116 905 1162 970 Et
1179 925 1262 968 saue
1289 903 1330 967 ia·

118 1012 187 1078 cies
211 1014 320 1078 mundi
329 1060 341 1096 ,
364 1013 467 1100 qualis
482 1035 566 1080 nunc
585 1027 646 1089 est,
668 1016 743 1080 talis
757 1015 825 1079 fere
843 1034 973 1097 semper
993 1024 1081 1087 erat,
1103 1031 1148 1075 ex
1165 1031 1229 1095 quo
1243 1031 1331 1073 mun·

120 1119 180 1183 dus
199 1140 275 1184 esse
292 1119 408 1204 coepit
432 1119 580 1205 Corpora
601 1120 757 1186 coelestia
780 1142 838 1205 per
860 1129 908 1183 tot
928 1121 993 1195 iam
1022 1117 1229 1183 saeculorum
1258 1114 1331 1179 mii-

121 1223 163 1288 iia
184 1224 342 1308 aequabili
354 1245 452 1290 cursu
460 1236 647 1300 moventur,
670 1236 703 1289 et
720 1225 752 1290 in
771 1226 883 1290 ordine
909 1246 970 1290 suo
989 1235 1187 1309 permanent
1210 1223 1331 1288 Rerum

102 1327 282 1405 omnium,
305 1350 384 1415 quas
407 1329 593 1405 cernimus,
618 1330 747 1415 species
768 1331 843 1396 iude
860 1351 879 1395 a
899 1330 1007 1394 mundi
1025 1329 1102 1395 editi
1122 1325 1270 1392 exordiis
1292 1326 1329 1390 ad

120 1436 203 1500 banc
224 1456 327 1520 usquo
345 1435 429 1500 diem
442 1436 626 1521 perdurant.
639 1436 752 1500 Genus
771 1437 945 1500 humanum
954 1434 1040 1499 inter
1056 1446 1104 1498 tot
1120 1433 1207 1498 vitae
1222 1429 1331 1496 discri-

121 1541 226 1618 mina,
249 1552 298 1604 tot
320 1542 506 1604 morborum
530 1540 692 1622 myriades
708 1553 741 1607 et
758 1542 841 1606 bella
863 1540 1015 1607 continua
1040 1529 1248 1624 perseverat.
1271 1535 1330 1599 Na·

121 1657 193 1710 tura
209 1667 320 1710 rerum
335 1646 474 1710 omnium
497 1667 627 1731 semper
645 1646 759 1711 eadem
779 1659 839 1711 est.
874 1645 1096 1730 Omnibusque
1121 1641 1247 1708 naturis
1270 1639 1330 1705 ani·

120 1749 256 1814 malibus
273 1751 389 1835 ubique
407 1770 446 1814 ac
464 1771 593 1834 semper
614 1763 746 1835 praesto
764 1762 854 1826 sunt,
877 1750 991 1836 quibus
1008 1761 1126 1838 egent,
1149 1747 1238 1813 vitae
1261 1747 1330 1809 sub·

121 1853 213 1919 sidia.
235 1854 280 1918 Et
297 1866 401 1918 tamen
418 1852 612 1941 contingens
628 1865 696 1918 tam
713 1875 826 1940 parurn
844 1866 955 1938 potest
967 1854 1037 1919 sine
1063 1855 1215 1925 absoluto
1229 1849 1328 1917 consi·

121 1972 227 2034 stere,
252 1979 345 2045 quam
360 1979 473 2044 parurn
492 1957 647 2046 cogitatio
665 1959 734 2023 sine
749 1971 874 2035 mente,
897 1959 1006 2023 radius
1023 1959 1093 2024 sine
1109 1959 1198 2030 soie,
1220 1956 1329 2020 umbra

121 2065 191 2129 sine
216 2085 354 2149 corpore
375 2064 452 2129 dari.
483 2064 519 2128 si
546 2066 683 2128 mundus
709 2065 779 2129 sine
802 2066 876 2129 Deo
904 2076 971 2138 est,
994 2065 1086 2128 Deus
1108 2060 1248 2148 amplius
1269 2081 1328 2123 non

121 2182 173 2235 est
190 2171 280 2234 Deus
287 2217 300 2251 ‚
323 2170 383 2233 sed
395 2173 530 2246 mundo,
552 2180 665 2253 utpote
686 2170 833 2233 absoluto
865 2189 904 2234 ac
921 2167 1131 2243 necessario,
1156 2167 1242 2251 quod
1258 2185 1328 2228 non·

121 2275 192 2362 nisi,
207 2297 302 2339 unum
333 2295 408 2339 esse
428 2286 555 2360 potest,
578 2275 684 2338 iocum
708 2274 819 2339 cessit.
841 2313 882 2324 -
904 2272 1041 2338 Accedit
1053 2293 1113 2356 per
1131 2278 1250 2336 malum
1268 2293 1328 2335 mo·

121 2380 188 2444 rale
206 2379 238 2444 in
250 2382 400 2445 mundum
412 2380 600 2455 invectum,
624 2401 686 2465 quo
701 2380 861 2445 vinculum
881 2390 1064 2444 creaturam
1084 2397 1159 2442 cum
1173 2377 1328 2442 Creatore

121 2484 235 2548 uniens
255 2484 426 2568 abruptum
444 2495 510 2559 est,
541 2483 646 2568 ipsam
672 2495 830 2559 naturam,
851 2485 926 2568 jure
949 2481 1111 2548 existendi
1147 2481 1179 2547 in
1202 2481 1327 2546 homine

121 2589 253 2662 amisso,
277 2590 318 2651 ad
338 2589 468 2652 nihilum
487 2609 525 2653 ac
548 2587 714 2652 interitum
732 2590 877 2664 tendere,
897 2610 990 2674 aquo
1007 2587 1210 2651 solummodo
1226 2586 1329 2651 voiun-

122 2707 187 2759 tate
205 2694 312 2759 diviua
332 2695 372 2758 ob
399 2714 488 2767 eum,
512 2693 564 2778 qui
589 2706 831 2758 restauraturus
863 2692 1016 2757 universa
1032 2691 1064 2757 in
1091 2697 1203 2756 orbem
1234 2704 1329 2758 terra·

123 2822 193 2864 rum
218 2812 370 2873 venerat,
394 2809 574 2863 sustentata
597 2799 725 2863 aruina
742 2799 897 2863 custodiri
920 2808 1037 2883 potest.

205 2911 369 2969 Observ.
385 2910 479 2968 Prout
499 2928 601 2967 rerum
617 2910 749 2979 creatio,
773 2917 803 2966 et
821 2907 946 2985 quodvis
974 2926 1048 2985 opus
1073 2907 1210 2967 divinum
1233 2918 1327 2968 exter·

122 3034 210 3093 num,
225 3016 267 3074 ita
284 3035 400 3092 quoque
415 3017 608 3074 conservatio
626 3017 765 3074 omnibus
781 3017 879 3075 tribus
894 3015 1037 3092 personis
1055 3013 1166 3072 divinis
1185 3035 1223 3074 ex
1240 3034 1327 3092 aequo

121 3124 283 3198 competit,
316 3130 346 3181 et
388 3121 651 3199 quemadmodum,
697 3130 729 3179 ut
771 3121 1028 3188 monstravimus,
1067 3120 1168 3178 omnia
1195 3139 1213 3178 a
1242 3120 1328 3179 Patre

122 3245 176 3303 per
212 3222 321 3285 sitium
360 3228 390 3284 in
430 3227 547 3304 Spiritu
579 3228 612 3288 8.
649 3225 768 3284 condita
795 3232 881 3293 sunt,
917 3226 959 3283 ita
995 3225 1086 3283 etiam
1111 3225 1215 3284 omnia
1235 3244 1254 3282 a
1279 3227 1328 3283 Pa·

125 3338 172 3389 tre
193 3349 247 3408 per
263 3331 372 3388 Filium
394 3331 424 3389 in
441 3332 558 3408 Spiritu
594 3331 626 3390 8.
658 3330 859 3398 sustinentur.
895 3328 976 3389 Unde
1002 3329 1032 3387 in
1056 3329 1114 3388 88.
1136 3330 1266 3388 Litteris
1287 3336 1327 3386 at·

121 3455 177 3514 que
197 3437 227 3494 in
252 3437 376 3512 scriptis
398 3436 457 3495 88.
489 3430 617 3495 Petrum
636 3454 739 3494 rerum
760 3435 953 3495 conservatio
977 3434 1065 3493 modo
1086 3435 1173 3494 Patri
1197 3440 1224 3506 ¹)
1245 3432 1327 3494 modo

123 3542 199 3601 sitio
216 3541 255 3617 ²),
268 3540 358 3600 modo
375 3541 503 3617 Spiritui
518 3540 551 3599 S.
567 3542 595 3616 8)
613 3539 806 3599 adscribitur.

120 3744 387 3760 *unu-u·-

159 3866 179 3937 1)
197 3870 258 3921 Act.
280 3871 321 3929 17,
338 3869 371 3921 21
389 3883 433 3922 ss.
451 3867 536 3921 Joso.
553 3867 580 3920 t.
600 3868 641 3918 17.
661 3867 755 3928 tusa.
765 3865 867 3916 matth.
877 3865 904 3926 5,
914 3865 955 3917 15.
964 3865 1043 3929 o,tt.
1061 3867 1106 3919 26.
1125 3867 1331 3920 32.-01cm.

124 3965 152 4010 1.
172 3962 234 4011 Gor.
252 3976 279 4011 a.
300 3963 349 4010 20.
367 3985 401 3994 -
420 3957 588 4010 coteler.
607 3959 661 4008 PP.
680 3973 724 4015 ap.
743 3953 862 4007 Amstel.
881 3954 959 4007 1721.
978 3953 1012 4008 V.
1031 3957 1054 4009 1.
1076 3970 1103 4022 p.
1124 3958 1174 4010 tte
1191 3957 1238 4025 cij

158 4043 184 4111 ²)
203 4047 263 4099 col.
285 4051 309 4116 1,
324 4050 368 4102 17.
386 4044 475 4100 Hebr.
496 4048 519 4107 1,
536 4049 563 4101 3,
576 4046 661 4099 Josn.
672 4049 696 4108 1,
709 4048 734 4099 3.
748 4048 787 4097 to.
802 4046 830 4107 ὅ,
848 4047 1038 4098 17.-lreo.
1051 4048 1247 4102 Conblraenl.
1265 4050 1293 4102 5.
1307 4063 1331 4098 c.

125 4142 175 4191 18.
185 4155 212 4190 a.
222 4141 287 4201 ³.p.
298 4136 587 4190 ata-Attranas.
607 4139 808 4188 eramentu.
822 4139 873 4186 41.
890 4133 959 4201 0pp.
975 4136 1006 4186 Τ.
1024 4137 1047 4188 1.
1064 4147 1094 4201 p.
1109 4137 1153 4188 4⁰.
1169 4139 1213 4190 Dr
1228 4139 1333 4190 lacera·

126 4232 203 4280 verb.
219 4244 247 4280 a.
270 4232 316 4277 17.
330 4242 356 4292 p.
365 4229 397 4278 61
407 4241 432 4279 s.
443 4227 506 4276 -B
517 4224 602 4277 asil.
618 4228 742 4284 nesab.
760 4227 790 4278 S.
805 4241 832 4277 c.
846 4228 877 4277 8.
895 4241 922 4278 o.
941 4229 992 4276 19.
1009 4223 1080 4291 0pp.
1095 4223 1126 4274 Τ.
1144 4225 1173 4282 3.
1191 4239 1220 4293 p.
1246 4227 1289 4278 lt.
1304 4249 1334 4262 -

123 4319 325 4381 chrysost.
340 4320 372 4368 lo
385 4320 466 4368 Hetr.
484 4321 551 4366 bom.
563 4319 591 4368 2.
605 4332 633 4368 a.
643 4319 671 4366 3.
681 4316 713 4368 Τ.
724 4315 765 4366 12.
780 4330 807 4382 p.
817 4316 849 4364 17
868 4329 894 4366 s.
911 4312 1049 4366 Euseb.
1067 4319 1333 4376 nomentanum.

123 4415 142 4460 1.
160 4413 191 4460 4.
207 4424 233 4459 c.
253 4410 281 4460 2.
301 4419 325 4471 p.
343 4405 402 4456 tto.
419 4404 689 4456 -Tbeodoret
707 4406 738 4455 lo
759 4403 820 4456 col.
840 4407 861 4454 t.
882 4405 922 4455 17.
941 4403 1011 4469 0pp.
1029 4404 1061 4455 Τ.
1086 4406 1111 4454 3.
1132 4418 1158 4470 p.
1177 4405 1238 4458 317.

154 4493 181 4558 ³)
199 4497 271 4548 Rom
289 4496 314 4556 8,
335 4497 376 4545 11.
396 4495 420 4545 1.
440 4493 506 4547 cor.
527 4494 592 4559 12,1
610 4509 653 4548 ss.
671 4494 899 4546 -Atbaoas
915 4496 1001 4555 Epist.
1023 4497 1052 4546 1.
1069 4497 1107 4546 ad
1125 4499 1224 4556 arran.
1242 4512 1269 4549 a.
1289 4499 1333 4550 11.

123 4586 156 4641 i'.
175 4585 199 4639 1.
217 4585 248 4637 Ρ.
267 4588 292 4639 2.
309 4597 337 4650 p.
354 4584 405 4632 11117
424 4597 446 4634 s.
