2926 5168
1281 245 1344 313 θῶ

133 389 228 457 vanis
246 389 368 478 ingenii
390 389 439 456 sui
461 389 728 479 suggestionibus
750 390 858 478 potius
880 391 1065 480 indulgere,
1096 413 1191 478 quam
1213 395 1341 462 litterae

131 495 305 564 inhaerere
325 496 513 561 maluerunt

214 601 306 670 Mi
327 600 464 666 historia
484 601 670 677 creationis,
692 614 822 689 prouta
845 603 961 686 Moyse
983 616 1143 681 narratur,
1164 629 1228 673 non
1249 629 1342 674 reve-

131 705 244 772 lationi
273 705 397 772 divinae
424 707 456 772 in
488 707 630 794 acceptis
664 719 716 772 ast
749 706 942 789 reseranda,
973 710 1033 773 sad
1063 711 1172 795 Moysi
1204 725 1257 777 aut
1289 714 1341 778 alii

132 804 260 878 auctori
278 823 356 878 'ante
376 812 482 898 ipsum
504 812 641 878 viventi:
664 812 726 878 viri
755 812 786 877 hi
814 812 844 878 in
877 815 1180 899 perspicacissimos
1201 819 1341 902 pbiloso-

130 920 215 1004 pbos
237 931 485 996 convertuntur,
508 920 618 1007 quales
640 940 701 984 nec
732 919 911 985 cultissima
939 920 1141 986 Graecorum
1165 943 1204 989 ac
1218 924 1341 991 ,Roma-

130 1041 246 1089 norum
269 1035 360 1090 aetas
381 1024 473 1100 tulit,
504 1035 537 1089 et
563 1025 596 1090 iu
612 1025 677 1090 illa
704 1026 806 1111 prima
834 1024 968 1113 generis
995 1026 1124 1091 humani
1154 1040 1262 1093 aetate
1285 1050 1340 1095 ex·

131 1127 276 1215 spectari
297 1124 352 1193 aut
373 1127 495 1193 assumi
517 1130 603 1194 nullo
625 1129 721 1194 modo
741 1142 889 1216 possunt.
923 1132 1009 1195 Sane
1032 1131 1126 1206 euim
1150 1131 1179 1196 si
1201 1133 1340 1219 philoso-

129 1226 269 1320 phorum
291 1240 533 1320 suspectarum
555 1232 822 1321 qualiumcunque
845 1234 940 1300 etiam
970 1235 1002 1299 in
1031 1237 1132 1302 hacce
1164 1258 1201 1302 ra
1223 1240 1341 1325 placita

130 1358 205 1404 cum
225 1339 410 1406 narratione
440 1339 586 1406 Mosaios
616 1339 844 1407 conserantur:
876 1341 947 1405 sole
978 1341 1096 1407 clarius
1127 1354 1239 1427 patet,
1259 1365 1340 1410 nea

128 1444 235 1533 longa·
249 1444 378 1531 quidem
400 1446 523 1511 hancce
546 1465 738 1532 exaequare.
783 1494 784 1501 .

213 1553 244 1618 lt.
265 1549 301 1614 ln
324 1550 395 1616 aliia
417 1550 508 1616 libris
540 1563 607 1616 tam
629 1553 667 1616 A.
690 1571 785 1637 quam
807 1550 848 1618 N.
872 1551 926 1627 T,
948 1552 981 1617 in
1004 1551 1151 1617 omnibus
1173 1551 1264 1627 locis,
1288 1555 1341 1619 ubi

129 1654 169 1719 de
193 1653 301 1720 mundi
324 1655 470 1720 exordiis
493 1677 603 1721 sermo
626 1656 773 1731 habetur,
796 1655 946 1720 formatio
967 1668 1076 1721 terrae
1107 1657 1221 1721 eodem
1245 1660 1341 1722 modo

128 1776 267 1844 prorsus
289 1771 475 1836 enarratur,
505 1759 622 1846 ubique
654 1758 733 1824 veri
762 1757 895 1825 historiis
916 1760 948 1824 in
981 1760 1340 1846 prioribusGenaseos

131 1863 293 1950 capitibus
315 1862 482 1948 suppositi
505 1876 560 1929 aut
581 1863 727 1940 asserti,
759 1876 792 1928 et
812 1885 854 1928 ne
875 1865 1139 1952 unicus‘quidem
1162 1879 1214 1931 ast
1234 1868 1340 1951 locus,

130 1968 185 2034 ubi
208 1968 358 2034 discussa
379 1969 480 2054 mythi
502 1970 626 2047 umbra,
649 1970 732 2034 nude
755 1981 787 2034 et
819 1969 1009 2055 simpliciter
1029 1971 1079 2047 id,
1103 1972 1187 2057 quod
1207 1993 1262 2037 res
1285 1973 1339 2048 sit,

128 2072 340 2139 edisseratur.

211 2179 326 2248 bSS.
348 2178 500 2245 Patres
522 2180 739 2245 narrationem
762 2181 941 2246 Mosaicam
975 2181 1201 2247 decreatioua
1224 2203 1338 2248 secuu-

127 2283 205 2348 dum
226 2283 365 2349 litteram
398 2284 628 2351 intellexerunt
648 2286 864 2351 consensione
892 2308 1027 2374 magna3
1058 2300 1154 2374 atque
1177 2289 1239 2352 etsi
1262 2310 1338 2373 pau·

127 2387 239 2453 eiures
261 2388 389 2474 quidam
410 2388 495 2454 illam
517 2389 693 2479 allegorice
714 2389 918 2476 interpretati
948 2403 1044 2466 sunt,
1068 2393 1207 2476 mythice
1229 2406 1337 2462 tamen

127 2511 226 2556 nemo
247 2500 287 2569 ²).
878 2524 879 2529 ¹

196 2603 242 2664 ’6.
264 2596 419 2678 Quamvis
447 2599 598 2665 Ecclesia
626 2600 842 2667 definitionem
872 2604 912 2667 de
943 2625 1041 2668 sensu
1071 2604 1338 2672 historiatacres·

126 2702 237 2778 tionis,
267 2712 364 2788 p'rout
394 2723 414 2767 a
443 2705 560 2788 Moyse
588 2718 748 2783 narratur,
777 2729 840 2772 non
874 2708 1002 2773 tulerit:
1032 2710 1208 2795 mythicam
1230 2723 1337 2778 tamen

126 2808 428 2896 interpretationem
451 2832 586 2895 prorsus
609 2833 627 2876 a
650 2824 758 2877 mente
787 2814 857 2898 ejus
889 2815 1085 2890 abhorrere,
1115 2829 1199 2882 tam.
1215 2829 1339 2884 certum

127 2925 192 2991 est,
214 2934 309 3000 quam
340 2915 427 2981 illam
449 2917 511 2981 SS.
533 2916 652 2983 Libros
673 2918 822 3006 integros
844 2940 916 2984 cunr
933 2921 1082 2986 omnibus
1103 2923 1173 2988 suis
1194 2925 1340 3010 partibus

128 3040 189 3107 pro
210 3019 375 3106 inspiratis
397 3041 437 3087 ac
457 3022 623 3088 canonicis
645 3023 812 3110 suscipere
835 3025 880 3110 ³];
902 3045 997 3111 quum
1026 3027 1128 3112 mythi
1149 3048 1223 3093 cum
1244 3029 1340 3115 inspi-

127 3125 258 3193 ratione
279 3125 390 3192 'divina
411 3127 495 3191 nullo
517 3129 613 3193 modo
636 3129 799 3195 conciliari
821 3129 956 3215 possint.

207 3229 242 3300 ’7.
265 3231 464 3298 Sententiam
494 3246 639 3298 nostram
668 3255 793 3322 quoque
822 3237 1014 3302 confirmant
1044 3237 1339 3306 vetustissimarum

127 3326 282 3424 gastim·
303 3336 508 3414 testimonia,
540 3360 622 3425 quae
644 3341 748 3406 omnia
766 3361 854 3406 cum
883 3341 1010 3426 Moysis
1039 3343 1334 3410 narrationemire

128 3440 352 3518 consentiunt,
385 3464 481 3530 quum
501 3464 614 3511 omnes
635 3446 742 3532 populi
765 3447 952 3512 memoriam
975 3448 1148 3514 creationis
1177 3450 1263 3514 intra
1285 3471 1336 3514 se·

128 3560 217 3635 ptem
232 3545 303 3612 dies
325 3560 381 3613 aut
395 3548 542 3637 longiora
564 3551 668 3635 spatia
678 3563 821 3628 servant,
838 3564 933 3638 atque
944 3573 1003 3638 per
1017 3553 1232 3618 hebdomadas
1248 3556 1337 3644 dige-

128 3664 181 3718 sta
202 3662 351 3739 tempora
373 3654 500 3719 habent

191 3748 242 3821 ’8.
264 3758 418 3833 Accedit,
442 3760 567 3844 pluras,
591 3768 713 3846 eosque
735 3760 942 3825 doctissimos
964 3763 1143 3849 geologos,
1175 3772 1210 3825 ut
1228 3762 1297 3828 :lle
1308 3787 1338 3828 r·

125 3862 1340 3954 managitonnrini⁴),1tenslerunrnttauucey

125 3983 381 4001 m

160 4027 188 4094 ¹)
207 4026 248 4080 cl'.
265 4026 359 4082 Exod,
376 4029 427 4090 ²⁰,
444 4030 539 4080 9-11.
556 4030 641 4082 Deut.
657 4031 689 4090 5,
720 4029 829 4079 12—15.
847 4029 897 4081 Ps.
915 4030 948 4079 ³2
959 4063 968 4089 ‚
996 4030 1013 4078 6
1031 4043 1071 4080 ss.
1092 4029 1150 4091 103,
1171 4031 1202 4080 te
1220 4044 1261 4081 ss.
1283 4033 1340 4093 135,

119 4117 140 4166 ὅ
159 4128 209 4168 ss.
227 4117 322 4168 blare.
342 4120 382 4178 to,
400 4117 477 4170 6-0.
495 4116 559 4169 het.
577 4119 622 4179 17,
640 4118 674 4168 21
692 4130 736 4167 ει.
756 4119 781 4169 1.
800 4117 864 4168 cor.
885 4118 925 4178 l't,
943 4121 970 4171 8.
989 4121 1013 4170 2.
1034 4119 1100 4169 Cor.
1119 4119 1144 4178 1,
1161 4120 1190 4170 6.

129 4190 133 4196 ’
158 4195 188 4271 ²)
207 4202 251 4256 ct.
268 4204 400 4260 aaran.
417 4211 459 4257 ne
478 4223 548 4266 orer.
566 4221 614 4258 aar
631 4209 700 4258 asar.
714 4190 747 4259 'a
774 4209 801 4257 1.
827 4209 868 4256 ne
886 4210 967 4259 aanor.
982 4213 1067 4268 sionna
1088 4207 1120 4259 u.
1139 4209 1164 4259 3.
1185 4222 1210 4274 p.
1231 4210 1278 4258 117
1297 4221 1339 4279 ss,

158 4289 187 4358 ³)
206 4292 248 4346 Cf·
267 4294 373 4348 (ione.
391 4295 489 4346 'trid
508 4299 582 4348 Sese.
600 4299 629 4347 4.
648 4299 731 4347 Dect.
749 4299 782 4344 sle
801 4310 863 4346 cue.
882 4298 981 4353 serint.
1083 4355 1087 4372 t

157 4381 188 4445 6)
207 4382 251 4434 Gi.
269 4387 473 4437 Observationes
490 4389 519 4436 r'e
539 4389 673 4438 Genesar:
691 4389 752 4435 luca
770 4387 883 4435 aeterra.

160 4466 188 4532 ⁵)
208 4471 251 4524 01.
271 4477 432 4535 aentonico!
449 4490 536 4536 easay.
555 4487 582 4538 p,
600 4475 644 4525 35.
755 4476 757 4482 '

159 4553 187 4620 ⁶)
206 4563 311 4613 Lettrer
328 4577 373 4614 sar
390 4561 409 4614 ι’
427 4565 537 4616 histoire
552 4565 680 4627 plerique
698 4567 732 4617 dc
750 4569 778 4618 lo
796 4544 1039 4628 serresiurersr'er
1057 4563 1072 4620 it
1090 4567 1128 4623 tl,
1148 4549 1339 4624 atramentum.

116 4646 196 4705 Par.
217 4651 292 4704 1798.
1071 4659 1074 4666 “
1119 4673 1121 4678 ’
1177 4658 1182 4663 ’
