2926 5168
1214 210 1270 272 1⁰1

66 363 161 425 Deus
180 364 327 424 mantas
340 366 493 442 artusque
503 378 621 436 eapers
638 354 673 440 t).
699 393 737 404 —
752 354 988 442 Origenes:
1007 357 1170 435 Distinqui
1182 361 1277 419 etiam

70 474 194 547 oportet
211 468 310 537 istud,
332 472 433 527 Deum
454 465 613 525 naminari
634 481 698 523 nan
716 481 822 541 passe.
856 461 941 522 Nam
961 464 991 522 si
1012 463 1160 540 inteiliqit
1178 467 1276 524 aerbo

71 579 201 635 autres
228 571 333 633 aeriis
354 572 551 649 siqnifloatas
577 587 641 629 nan
674 585 764 637 esse,
795 586 877 648 quae
897 568 960 627 Dei
986 571 1200 645 proprietates
1221 588 1279 628 re·

65 681 286 758 praesentent,
308 694 418 737 rerum
440 677 532 753 dicit;
558 677 588 733 ei
609 670 733 754 quidem
754 672 875 731 multae
897 691 1021 752 quaque
1041 678 1119 732 suut
1138 673 1281 753 qualita-

70 790 130 862 tes,
153 800 236 863 quoe
257 781 362 842 uerbis
384 780 521 858 exprimi
548 795 612 837 nan
640 783 783 853 possunt.
817 773 897 849 Quis
924 779 1007 836 euim
1024 781 1192 856 ¹eoeprimat
1212 780 1280 839 dis·

70 892 209 958 crimen,
240 885 327 968 qu'ad
349 887 484 946 interest
510 882 706 943 dulcedinem
731 881 895 960 palmulae
927 887 1010 942 inter
1031 887 1063 940 et
1082 884 1281 945 dulcedinem

70 991 224 1055 caricae?
249 992 315 1062 Qua
334 991 461 1050 nomiae
482 989 662 1064 distinquas
684 992 716 1047 et
734 989 895 1066 siquifices
914 992 1075 1065 propriam
1094 991 1143 1048 rei
1164 990 1276 1065 cujus·

71 1117 135 1179 que
156 1094 363 1178 qualitatem?
388 1092 481 1155 Nibil
506 1111 580 1169 erqo
608 1096 739 1165 mirum,
770 1092 873 1153 Deum
902 1095 1061 1152 naminari
1093 1111 1157 1152 nan
1175 1112 1280 1171 passe.

71 1207 107 1264 Si
128 1207 233 1262 autern
254 1198 332 1260 celis
353 1202 518 1261 nominare
539 1199 620 1258 nibil
639 1217 710 1258 esse
732 1195 839 1268 aliud,
868 1217 963 1277 quam
994 1198 1121 1277 aliquas
1147 1201 1281 1258 virtutes

72 1310 145 1384 q'us
164 1305 268 1368 uerbis
289 1305 448 1377 indicare,
479 1310 515 1365 ut
542 1305 665 1364 auditor
687 1304 731 1363 ad
750 1302 909 1383 quidpiam
929 1304 968 1362 de
989 1304 1056 1363 illis
1088 1322 1280 1381 caquascen·

71 1415 168 1483 dum,
192 1418 346 1492 quantum
366 1409 524 1471 marnae
544 1416 680 1470 naturae
700 1409 788 1480 iicet,
818 1409 1001 1486 adjumtur,
1023 1427 1088 1468 nan
1109 1408 1281 1468 absurdum

66 1520 174 1597 suerit
193 1517 299 1576 dicere
320 1515 409 1575 illum
429 1517 587 1575 naminari
604 1533 700 1592 passe
722 1519 761 1588 2].
786 1548 822 1558 -
852 1510 1082 1575 Eusebius:
1114 1513 1282 1575 Eaimium

74 1621 159 1685 illud
184 1640 254 1683 esse
282 1640 320 1680 ac
348 1620 495 1681 salutare
523 1623 686 1697 inprimis,
717 1621 802 1699 quad
820 1619 881 1680 Dei
909 1638 1025 1679 nomen
1046 1621 1282 1699 essentiamque

69 1727 241 1806 siqniflcat,
271 1726 372 1804 ipsius
393 1735 531 1785 naturae
549 1725 655 1796 ductu,
678 1726 903 1803 impressisque
926 1727 1030 1784 anima
1048 1743 1109 1802 per
1127 1743 1199 1785 sese
1221 1743 1282 1784 na-

72 1835 228 1903 tionibus,
258 1829 311 1890 oel
329 1829 479 1889 dicuntae
500 1832 604 1905 patius
624 1831 808 1905 inspiratis,
838 1847 928 1889 nemo
949 1848 1014 1889 aaa
1035 1830 1200 1907 iutelliqit:
1221 1831 1281 1891 trac

73 1942 158 1998 enim
178 1953 289 1998 munes
311 1935 420 2014 populi
441 1936 599 1994 carnmuui
630 1935 763 2014 quadam
790 1936 925 1994 rationis
953 1954 1052 1995 seusu
1078 1954 1280 2015 praecepere,

72 2061 144 2102 cum
171 2040 207 2100 id
232 2041 315 2099 amni
340 2040 376 2099 in
406 2041 511 2099 oniaco
539 2042 666 2099 ratione
699 2045 732 2099 et
759 2042 964 2115 intettiqentia
992 2041 1167 2115 praedita,
1199 2041 1281 2101 idem

72 2149 169 2226 liujus
194 2144 410 2204 universitatis
441 2147 566 2222 artifea
594 2143 797 2204 naturalibus
828 2144 1013 2223 quibusdam
1040 2147 1282 2222 capitationibus

72 2255 224 2313 inseverit
233 2246 270 2332 ³).
285 2245 527 2309 -Athanasi
537 2267 597 2311 us:
615 2249 740 2329 Neque,
753 2255 791 2308 ut
803 2257 852 2307 est
865 2248 1032 2328 ipseDeus
1050 2270 1149 2329 supra
1164 2253 1281 2322 omnia,

71 2359 119 2418 ito
140 2359 202 2429 cic,
224 2372 307 2436 quae
327 2351 371 2413 ad
388 2353 478 2413 illurn
499 2353 596 2432 ducit,
613 2354 702 2431 foris
730 2362 760 2412 et
783 2353 899 2430 procul
918 2374 938 2413 a
959 2354 1051 2414 nabis
1074 2360 1140 2415 est:
1169 2374 1280 2415 oerum

72 2469 108 2525 iu
128 2461 317 2538 nobisipsis
339 2465 403 2528 est,
433 2456 563 2541 q'usque
593 2460 714 2520 initium
735 2458 825 2518 baud
844 2464 893 2518 est
914 2460 1042 2538 difficile
1066 2479 1087 2520 a
1106 2459 1200 2520 uobis
1221 2479 1278 2520 re·

70 2569 190 2646 perire,
212 2572 250 2624 ut
268 2570 302 2625 et
319 2569 447 2641 Moyses
470 2564 520 2623 bis
542 2564 647 2623 uerbis
670 2566 792 2624 docuit:
824 2562 990 2634 „Verbum
1007 2564 1086 2642 fidei
1117 2567 1204 2625 intra
1225 2583 1281 2624 car

72 2679 161 2733 tuum
179 2676 262 2732 eet.“
292 2665 387 2741 Quod
408 2669 490 2728 idem
513 2666 662 2729 Salvator
686 2668 858 2730 declaravit
887 2674 919 2729 et
939 2670 1136 2747 confirmauit
1155 2670 1282 2730 diceus:

72 2777 242 2854 „Reqruuu
252 2774 314 2835 liei
324 2779 410 2834 intra
428 2793 483 2834 cos
501 2778 582 2837 est.“
596 2770 678 2847 Ouia
692 2776 774 2833 euim
787 2773 875 2832 intus
892 2776 926 2832 in
941 2774 1171 2853 uobismetipsis
1187 2775 1282 2855 fidem

72 2898 269 2961 reqnumque
290 2879 353 2938 Dei
377 2878 549 2955 babemus,
565 2879 668 2955 facile
686 2897 858 2955 passumus
877 2880 1094 2939 rsuioersitatis
1118 2883 1280 2951 rectorem,
1367 2863 1369 2867 ⁵

72 2987 184 3047 Patris
200 2983 343 3044 salutare
366 2981 512 3063 Verbum,
533 2980 714 3057 inteiliqere
736 2991 767 3042 et
785 2983 997 3060 contemplari.
1019 2979 1118 3042 Addit
1138 2979 1278 3066 gentiles

73 3083 226 3154 excusari
247 3104 310 3148 nou
328 3103 437 3168 posse.
460 3087 621 3166 Siquidem
640 3104 746 3146 amnes
763 3089 797 3148 in
816 3106 884 3146 eoru
904 3090 988 3148 viam
1003 3107 1114 3147 sumus
1129 3091 1279 3163 inqressi,

74 3215 183 3259 amnes
200 3213 270 3254 eam
286 3192 454 3261 babemus,
477 3190 550 3250 licet
564 3208 628 3250 nau
654 3209 763 3252 omnes
780 3192 868 3251 ittam
883 3197 974 3272 sequi
996 3198 1028 3252 et
1044 3210 1199 3270 perpere,
1223 3191 1281 3252 sed

71 3301 228 3379 plerique,
242 3299 363 3356 esteris
372 3297 455 3354 vitae
467 3293 677 3371 voluptatibus
690 3295 897 3356 allicientibus
910 3303 1059 3357 deserere
1073 3297 1173 3357 velint
1183 3301 1226 3370 ⁴).
1237 3329 1277 3341 —

75 3396 323 3487 Gregorius
344 3396 467 3479 Nyss.
488 3402 640 3459 Humana
658 3404 763 3459 autem
782 3400 989 3477 inteltiqentia
1017 3407 1143 3461 curiose
1160 3409 1191 3462 et
1210 3402 1279 3463 sal·

74 3510 158 3570 licite
169 3507 393 3588 peraestiquns
412 3509 445 3563 et
457 3510 680 3581 perscrutans,
696 3508 810 3584 quitus
822 3511 927 3583 potest
944 3508 1280 3582 arqumeutatiauibus,

75 3616 272 3674 inaccessam
295 3614 327 3670 et
348 3608 511 3669 acconam
537 3611 660 3686 eapetit
680 3615 712 3669 et
731 3612 859 3686 attinqit
882 3616 1033 3671 naturam
1044 3655 1056 3690 ,
1090 3631 1192 3692 neque
1216 3617 1280 3672 tom

77 3723 164 3778 acute
181 3733 316 3776 cumeris
323 3758 337 3793 ,
363 3723 399 3776 ut
423 3712 509 3774 clare
532 3718 563 3774 et
578 3716 739 3775 evidenter
763 3716 849 3794 quad
863 3717 1091 3794 inaspectabile
1113 3722 1162 3776 est
1182 3726 1280 3796 queat

78 3823 214 3900 intueri,
242 3837 371 3901 neque
400 3822 560 3880 amniua
592 3822 648 3879 ita
678 3820 724 3879 ab
753 3820 928 3882 accessu
959 3827 999 3881 et
1024 3823 1279 3902 propinqua-

78 3931 188 3991 tione
208 3927 417 4002 sejuncta,
446 3930 489 3984 ut
508 3925 672 3985 nuttam
689 3929 829 4005 possit
849 3927 962 4003 ejus,
985 3926 1092 4006 quad
1111 3929 1280 4006 quaeri-

77 4035 153 4112 tur,
176 4029 456 4091 adumbratam
479 4031 691 4105 imaqinem
712 4049 880 4111 caperes
900 4032 962 4091 sed
984 4036 1108 4108 partem
1138 4035 1278 4113 aliquam

63 4219 327 4238 *na-ut·-

106 4310 132 4376 ¹)
150 4311 256 4362 Gabart.
274 4311 310 4358 ad
328 4309 407 4359 Geni.
424 4323 452 4359 n.
470 4310 497 4357 s.
517 4305 586 4372 Opp.
606 4307 638 4356 Τ.
658 4307 681 4358 i.
699 4320 727 4372 p.
745 4310 789 4359 59.

104 4392 134 4460 ²)
153 4401 230 4451 Cant.
249 4398 321 4449 Cels.
339 4401 357 4447 i.
378 4399 407 4450 a.
424 4413 451 4448 n.
472 4399 520 4450 aa.
539 4395 609 4459 Opp.
627 4396 660 4446 Τ.
681 4399 706 4448 1.
724 4409 751 4460 p·
769 4398 828 4448 682.
847 4400 881 4450 Β.
900 4398 931 4450 G.

98 4479 403 4551 ³)1’raepardtaanp.
421 4490 439 4536 l.
457 4488 487 4538 2.
505 4501 527 4536 o.
548 4491 575 4537 6.
595 4499 622 4550 p.
642 4487 685 4538 72.
703 4488 740 4538 1).

98 4573 138 4642 ⁴)
155 4580 197 4631 br.
215 4583 285 4629 cant·
305 4577 380 4631 Genu
399 4592 427 4630 u·
445 4580 494 4630 30.
514 4574 584 4643 opp.
602 4576 636 4628 Τ.
655 4578 680 4628 1.
697 4590 725 4643 p.
743 4577 785 4631 ²9.
