2926 5168
119 196 183 290 m

120 371 192 430 tes,
224 376 336 420 verum
365 355 429 419 sint
448 365 525 418 ,tres
556 350 788 419 subsistentiae
819 353 997 428 relativae,
1027 353 1248 423 identificatae
1278 355 1328 420 uui

120 460 321 526 substantiae
355 460 539 533 absolutae,
572 458 742 535 divinitati,
774 461 919 546 adeoque
952 460 1016 535 sint
1046 482 1149 537 unus,
1183 462 1329 547 idemque

120 575 229 642 Deus,
263 563 326 628 κατ’
360 563 526 627 ὑπόστασιν
557 563 676 648 triplici
698 565 794 630 modo
818 566 1011 630 subsistens.
1042 567 1133 646 Quae
1157 568 1264 632 altere
1284 571 1331 631 de·

120 671 240 760 gmatis
264 669 422 735 Catholici
447 691 525 756 pars
554 671 635 733 adeo
658 682 749 747 certa
772 682 804 735 et
827 671 933 736 evicta
955 683 1016 748 est,
1035 693 1129 758 quam
1152 684 1282 739 certum
1303 684 1332 736 et

121 779 325 863 exploratum
348 789 418 854 est,
450 777 623 842 veritatem
646 778 685 841 de
709 799 772 841 uno
795 778 868 841 Deo
891 783 1056 864 proprIam
1077 790 1111 841 et
1133 778 1328 843 characteri·

121 883 235 948 sticam
256 883 468 948 revelationis
491 881 697 946 Christianae
721 903 817 957 esse,
840 904 901 968 qua
924 905 961 948 se
983 885 1065 948 haec
1087 883 1259 970 grassanti
1281 905 1330 970 po·

120 990 294 1077 lytheismo
317 989 436 1074 antiqui
459 987 549 1051 orhis
570 999 732 1051 terrarum
755 989 915 1073 opposuit.

245 1097 285 1160 Α.
306 1095 341 1157 ln
366 1094 428 1158 SS.
450 1091 632 1157 Litteris
665 1092 768 1167 enim,
801 1104 835 1156 ut
857 1092 930 1156 alibi
954 1093 1270 1164 demonstravimus.
1294 1115 1332 1158 ex

121 1220 184 1264 una
205 1211 296 1285 parte
318 1199 454 1283 ubique,
475 1219 573 1260 unum
595 1218 671 1261 esse
695 1198 799 1261 solum
820 1218 934 1261 verum
955 1197 1081 1273 Deum,
1114 1200 1272 1275 docetur,
1295 1220 1332 1264 ex

121 1307 222 1368 altera
244 1316 345 1390 parte,
368 1314 403 1366 ut
424 1301 545 1386 pariter
568 1313 643 1366 ante
666 1301 832 1376 evicimus,
855 1323 957 1387 aeque
979 1315 1070 1368 certo
1093 1302 1255 1378 traditur,
1278 1303 1330 1368 Pa·

122 1422 215 1484 trem,
237 1409 353 1473 Filium
375 1419 407 1472 et
430 1408 582 1492 Spiritum
607 1409 641 1471 S.
665 1429 778 1472 verum
801 1409 907 1471 Deum
930 1429 1027 1482 esse,
1048 1408 1093 1472 ita
1115 1421 1162 1481 ut,
1186 1411 1330 1494 quemad·

124 1517 255 1588 modum
278 1515 370 1597 ipsae
391 1513 576 1598 loquuntur,
599 1513 699 1577 Filius
722 1513 765 1577 sit
785 1513 817 1576 in
836 1513 943 1589 Patre,
968 1525 1000 1577 et
1016 1513 1116 1577 Pater
1137 1513 1171 1577 in
1194 1514 1278 1579 Filio
1300 1515 1329 1599 ¹),

123 1631 217 1706 atque
240 1618 381 1704 Spiritus
405 1619 459 1693 8.,
493 1639 680 1703 quamquam
712 1618 794 1683 alius
821 1639 860 1683 ac
890 1619 990 1683 Pater
1021 1630 1054 1682 et
1075 1619 1194 1694 Filius,
1227 1632 1329 1684 tamen

121 1725 227 1790 Patris
251 1736 283 1788 et
304 1724 376 1788 Filii
398 1723 441 1786 sit
463 1723 624 1807 Spiritus,
656 1736 688 1788 ct
709 1724 741 1788 in
763 1736 900 1809 utroque
924 1724 1064 1805 existat,
1095 1724 1182 1789 sicut
1202 1724 1328 1810 spiritus

122 1829 261 1894 hominis
283 1829 314 1893 in
336 1828 466 1893 homine
489 1827 542 1912 ²),
564 1840 736 1914 mutuaque
759 1849 973 1914 personarum
996 1830 1089 1893 detur
1110 1828 1326 1902 inexistentia,

124 1956 183 1999 seu
199 1946 247 2010 ,ut
277 1933 472 1998 scholastici
501 1935 691 2019 loquuntur,
723 1935 1100 2012 circuminsessio,
1131 1933 1326 2019 usprpoipquc,

124 2052 257 2105 aeterna
279 2061 318 2104 ac
339 2039 504 2103 immensa.

246 2151 283 2221 B,
305 2144 432 2209 Eodem
454 2126 591 2229 prorsus
614 2147 710 2209 modo
730 2146 794 2213 SS.
814 2146 977 2225 Patres,
1000 2147 1053 2232 qui
1072 2148 1206 2211 Patrem
1222 2146 1322 2211 Filium

124 2262 156 2314 et
187 2248 344 2334 Spiritum
378 2249 411 2313 S.
445 2249 508 2314 tria
538 2270 615 2314 ase
646 2250 785 2314 invicem
815 2271 851 2314 re
881 2251 1032 2317 distincta
1064 2252 1235 2338 supposita
1262 2268 1322 2315 esse

124 2355 263 2429 tradunt,
287 2354 551 2419 constantissime
574 2354 727 2418 unitatem
748 2354 812 2418 Dei
834 2355 1017 2421 defendunt.
1043 2355 1190 2435 Quorum
1213 2355 1324 2440 aliquos

125 2460 237 2523 saltem
271 2458 454 2522 audiamus:
485 2460 807 2548 Athenagoras:
840 2463 898 2524 Ad
921 2467 1071 2543 futuram
1104 2457 1253 2544 (mium),
1280 2455 1329 2527 nt.

121 2568 346 2644 perducimur,
377 2572 407 2626 si
428 2568 533 2627 Deum
561 2571 694 2648 qusque
720 2568 856 2629 Verbum
889 2575 1225 2648 oopuoscumus51um
1254 2579 1324 2646 quse

125 2673 200 2732 mitt
220 2691 292 2732 oum
313 2673 415 2731 Putre
435 2678 528 2744 unio,
551 2692 632 2753 quae
653 2676 761 2734 Putris
783 2695 853 2734 oum
875 2674 960 2734 Filio
982 2676 1241 2745 communicatio,
1261 2664 1326 2751 quid

124 2775 276 2856 Spiritus,
299 2797 382 2858 quae
404 2780 526 2836 trium
548 2783 644 2837 uuio
666 2789 704 2838 et
724 2780 767 2837 iu
789 2781 958 2840 unitate
980 2780 1211 2849 distinctio,
1233 2774 1318 2852 spiri·

124 2889 186 2965 tus,
210 2882 295 2951 nitet,
316 2886 424 2943 Putris
447 2887 487 2956 ³).
509 2878 570 2942 Et:
592 2882 717 2942 Deum
738 2883 873 2942 diurnus
895 2889 935 2944 et
953 2883 1111 2943 Filium
1132 2883 1275 2960 ipsius
1290 2879 1318 2931 el

125 2985 331 3073 Spiritum
360 2986 408 3060 S„
431 3007 454 3046 u
469 3004 491 3045 n
506 2988 517 3044 i
535 2992 612 3046 tos
633 2988 860 3048 secuudum
881 2991 1073 3048 virtutem
1095 2983 1242 3064 (δύναμιν,
1262 2974 1316 3043 suh·

126 3086 296 3165 stantiam)
324 3090 484 3151 Putrem
514 3096 557 3149 et
583 3091 739 3152 Filium
761 3098 803 3152 et
822 3090 1035 3168 Spiritum
1056 3097 1105 3165 S„
1137 3094 1216 3169 quia
1236 3098 1314 3149 ment,

124 3195 253 3254 verdum
275 3199 307 3254 st
326 3198 487 3272 sapientie
509 3194 615 3254 Filius
636 3197 763 3276 Patris,
787 3195 946 3276 effluoium
968 3203 1089 3269 aulem,
1116 3183 1316 3256 etiamsed

125 3302 207 3376 ique,
230 3302 369 3376 Spiritus
391 3304 431 3374 ⁴).
452 3334 493 3343 —-
517 3298 741 3362 irenaeus:
769 3300 939 3381 Ecclesia,
970 3304 1097 3362 tametsi
1121 3319 1183 3379 per
1203 3298 1314 3358 uniuer-

124 3423 196 3463 sum
218 3405 325 3464 orbem
355 3424 459 3484 usque
491 3406 536 3464 ad
555 3413 716 3467 sutremos
744 3413 852 3468 terrae
868 3410 953 3487 fines
974 3409 1131 3487 dispersa,
1151 3405 1245 3485 fidem
1264 3411 1314 3461 Μ’

127 3509 167 3569 ab
193 3506 352 3586 Apostolis
379 3529 554 3591 eorumque
578 3512 744 3590 discipulis
766 3519 950 3592 acceptum,
978 3532 1062 3592 quae
1091 3514 1193 3573 estin
1213 3516 1315 3570 uuuti

126 3614 260 3674 Deum
280 3616 490 3675 Putrem
512 3621 858 3697 omnipotentem,
887 3653 928 3663 -
958 3623 992 3678 et
1010 3622 1044 3679 in
1074 3636 1178 3678 unum
1198 3615 1314 3676 Jesutt

129 3721 342 3780 Christum
372 3721 531 3782 Filium
550 3724 659 3797 Dei,
693 3758 736 3771 -
765 3731 797 3784 et
815 3727 850 3784 iu
871 3726 1073 3801 Spiritum
1095 3721 1131 3785 S.
1155 3754 1195 3766 ——
1216 3725 1314 3781 summi

126 3827 232 3885 studio
254 3830 286 3884 et
305 3843 404 3897 curu,
424 3829 559 3906 perinde
581 3835 676 3910 atque
698 3850 796 3891 uuum
818 3832 944 3891 minum
965 3830 1130 3901 incolens,
1162 3817 1313 3888 censurat

128 3951 168 3990 ac
190 3930 275 3991 velut
296 3934 437 3991 animum
459 3952 576 4012 unam,
605 3942 702 4016 atque
732 3954 832 3996 uuum
860 3937 1006 4017 idemque
1035 3955 1090 3996 cor
1120 3935 1256 4004 hodene,
1278 3925 1312 3986 lli

129 4055 230 4116 aeque
249 4038 347 4116 pidem
369 4042 598 4112 accommodat,
621 4051 654 4102 et
673 4044 753 4102 miro
776 4061 946 4115 censensu,
968 4043 1063 4121 quusi
1083 4058 1149 4100 uuo
1172 4057 1226 4099 ore
1242 4044 1311 4114 prae·

126 4227 378 4244 -Ἀ

163 4322 187 4381 1)
205 4320 289 4370 soen.
312 4321 351 4381 ιο,
369 4321 411 4371 as.
432 4320 479 4385 ru,
500 4322 541 4370 ιο.
561 4321 600 4369 u.
619 4319 662 4371 20.
683 4320 724 4370 cr.
742 4322 768 4383 ο,
786 4324 813 4372 ο.

162 4402 187 4470 ²)
208 4409 230 4457 1.
250 4408 318 4462 Cor.
336 4411 363 4468 2,
383 4411 422 4459 10.
441 4409 506 4460 Gal.
524 4409 550 4470 h,
568 4410 593 4459 6.
612 4411 696 4461 Rom.
714 4410 740 4470 it,
757 4413 782 4461 9.
806 4411 830 4462 1.
849 4410 926 4461 Pctr.
946 4413 970 4474 1,
992 4412 1031 4462 rt.
1050 4409 1115 4464 Act,
1134 4412 1177 4472 te,
1193 4407 1263 4461 6-9.

161 4489 186 4559 ³)
205 4501 274 4559 Lep.
289 4515 336 4557 pro
355 4499 503 4550 Christian·
522 4517 548 4550 n.
568 4503 619 4550 12.
637 4498 707 4563 0pp.
725 4501 743 4548 J
752 4499 867 4550 nstin.
887 4514 912 4565 p.
929 4501 989 4551 ³07.

163 4585 188 4652 4)
207 4605 234 4640 ο.
253 4592 303 4642 ²4.
321 4603 349 4655 p.
367 4589 429 4641 ora.
448 4588 492 4640 cs
510 4606 537 4644 a.
558 4595 607 4642 ro.
627 4603 655 4655 p.
673 4591 724 4642 sou
741 4604 766 4640 s.
