2926 5168
1264 230 1327 294 1125

122 390 265 464 utraque,
277 384 357 442 mala
375 390 407 442 et
422 381 519 452 bona,
543 400 602 462 pro
619 378 758 443 diversis
773 376 1118 442 mediaemendationis
1136 378 1328 444 excitandae

122 496 154 548 et
168 484 295 573 virtutis
311 487 551 568 promovendae
572 485 644 548 siut.
835 550 839 559 ,
1005 556 1008 561 Δ

202 595 231 655 5.
242 591 390 653 Tandem
401 591 590 677 gubernatio
602 592 706 655 diviua
718 610 916 674 nequaquam
931 590 962 652 in
977 591 1079 654 hocce
1100 591 1215 655 mundo
1233 612 1326 675 aspe-

121 694 229 758 ctabili
254 695 439 759 absolvitur.
462 696 577 761 Hicin
600 697 705 760 stadio
732 694 984 780 praeparationis
1003 706 1124 757 tantum
1146 717 1326 771 versamur,

121 811 291 884 manetque
305 823 374 870 ,nos
403 804 503 864 altera
530 803 615 875 vita,
644 803 674 864 iu
703 822 763 885 qiua
780 799 944 863 harmonia
963 800 1017 862 illa
1036 800 1120 862 inter
1137 801 1326 888 dignitatem

120 907 274 969 moralem
293 918 386 991 atque
404 907 587 970 felicitatem
610 907 812 979 restituetur,
836 907 927 988 cujus
943 927 1034 989 spem
1050 916 1211 970 metumve
1228 906 1327 969 virtu·

120 1010 162 1073 tis
184 1011 325 1092 praemia
345 1012 542 1096 scelerisque
557 1012 712 1095 supplicia
732 1012 762 1073 iu
779 1012 840 1074 hac
855 1010 921 1073 vita
945 1012 1084 1076 nondum
1107 1031 1208 1098 aequa
1237 1013 1327 1076 lance

120 1116 291 1180 distributa
314 1116 423 1180 fovent
446 1125 483 1191 ¹).
1323 1192 1327 1197 ¹

203 1221 261 1284 Illa
282 1233 388 1285 tamen
415 1222 571 1285 bonorum
593 1221 677 1285 iuter
696 1242 807 1284 ornares
829 1219 971 1306 aequalis
987 1220 1186 1294 distributio,
1211 1222 1249 1283 de
1266 1241 1328 1305 qua

120 1326 211 1389 multi
232 1326 673 1400 nostrisdiebussomniant,
704 1347 859 1411 quamque
893 1337 955 1388 tam
993 1327 1205 1390 vehementer
1229 1327 1326 1388 anhe-

120 1431 186 1493 lant
203 1430 285 1515 ipsi,
309 1432 360 1514 qui
384 1452 422 1494 ea
445 1431 582 1494 omnium
617 1431 744 1495 mininie
768 1442 878 1493 essent
901 1429 1003 1511 digni,
1025 1431 1072 1494 uti
1093 1430 1124 1493 in
1149 1453 1186 1495 se
1209 1432 1327 1515 impos-

121 1533 245 1606 sibilis,
270 1535 312 1596 ita
334 1534 583 1617 sapientissimis
605 1534 750 1597 consiliis
771 1533 887 1596 divinis
906 1535 1069 1598 contraria
1091 1548 1152 1611 est,
1174 1557 1234 1622 pro
1263 1535 1328 1620 qui·

121 1639 182 1702 bus
198 1639 229 1701 in
251 1659 372 1724 genera
389 1640 526 1701 humano
544 1640 642 1701 nudta
660 1638 723 1701 siut
743 1639 886 1700 membra
906 1640 1054 1703 diversae
1074 1639 1267 1705 conditionis
1291 1659 1328 1702 ac

121 1744 309 1830 diguitatis,
332 1765 426 1805 amun
454 1755 559 1806 tamen
578 1764 696 1826 corpus
727 1765 863 1807 necesse
886 1757 936 1807 est
958 1747 993 1828 ²).

207 1852 376 1909 Obseru
401 1853 427 1913 l.
452 1853 526 1909 Cum
541 1854 624 1909 Deus
653 1854 712 1919 sit,
738 1854 765 1908 in
787 1870 842 1928 quo
867 1828 1014 1923 divimus,
1038 1871 1195 1912 movemur
1219 1862 1248 1910 et
1271 1869 1327 1908 su-

120 1976 200 2028 mus,
220 1959 327 2033 quique
345 1958 496 2013 sollicitus
518 1966 564 2013 est
577 1957 611 2013 de
631 1958 720 2014 rebus
739 1957 875 2014 omnibus
899 1959 1033 2026 nestris,
1064 1959 1182 2034 gratias
1210 1957 1236 2014 ei
1258 1974 1327 2032 aga·

120 2081 188 2120 mus
205 2081 259 2137 pro
279 2063 340 2119 illis
361 2064 526 2119 innumeris
546 2062 715 2130 benefieiis,
738 2062 843 2138 quibus
858 2062 978 2144 jugiter
994 2059 1160 2121 accumulat
1180 2078 1244 2118 nos.

206 2166 372 2226 ObserV.
394 2170 424 2229 2.
447 2171 543 2225 Porro
560 2169 707 2242 cumipse
731 2168 790 2233 sit,
825 2169 873 2242 qui
900 2169 998 2225 oninia
1022 2167 1109 2240 juxta
1135 2166 1327 2242 sapientissi-

121 2290 170 2328 ma
193 2290 249 2328 sua
269 2273 395 2329 consilia
411 2272 549 2346 disponat
574 2288 609 2328 ae
622 2271 753 2346 dirigat:

207 2396 233 2435 a.
256 2378 438 2434 Persuasum
458 2375 621 2433 habeamus
641 2377 681 2432 nil
698 2394 801 2432 cartam
811 2419 823 2452 ,
847 2395 921 2452 quae
939 2376 1097 2446 accidunt,
1120 2374 1327 2451 sinefsapien-

123 2481 243 2538 tissime
258 2482 387 2538 consilio
406 2482 465 2538 Dei
481 2499 534 2537 scu
555 2498 628 2538 casu
654 2491 704 2538 aut
731 2480 858 2538 fortuito
884 2481 1039 2553 accidere,
1068 2479 1225 2539 Dominus
1246 2483 1329 2538 enirn

119 2604 295 2660 pauperem
316 2587 413 2660 facit,
437 2590 468 2643 et
491 2585 590 2660 ditat,
613 2584 776 2655 humiliat,
800 2589 832 2642 et
855 2583 1010 2645 subleuat.
1034 2581 1180 2644 Suscilat
1197 2583 1236 2643 de
1251 2587 1326 2658 pul-

124 2708 199 2748 uere
215 2708 367 2765 eqenunr,
391 2689 471 2747 etde
486 2697 626 2747 stercore
640 2688 744 2747 elevat
756 2708 930 2764 pauperem
953 2690 989 2763 8).

206 2797 233 2852 b.
255 2795 324 2852 ldeo
351 2804 456 2852 nostra
479 2804 562 2852 sorte
585 2813 705 2871 semper
729 2797 862 2852 contenti
879 2797 994 2864 simus,
1024 2804 1112 2872 atque
1136 2814 1209 2852 vera
1232 2795 1323 2853 animi

124 2903 238 2978 pietate
253 2920 328 2969 uos,
352 2919 462 2977 resque
479 2910 604 2958 nostras
621 2896 737 2958 divinae
755 2919 845 2958 ermae
869 2903 1108 2970 committamus,
1135 2919 1190 2959 nee
1219 2901 1328 2958 sollici-

130 3031 403 3041 ΜΝ,-

160 3089 181 3154 ¹)
201 3090 243 3143 Cf.
262 3091 364 3143 Matth.
386 3093 425 3151 13,
444 3092 555 3142 28-30.
577 3092 599 3142 1.
620 3089 685 3141 Cor.
707 3092 748 3150 15,
768 3092 808 3140 19.
828 3116 860 3124 -
878 3088 1075 3151 Angustia.
1095 3094 1136 3138 De
1155 3092 1239 3140 Triuia
1254 3093 1270 3138 t.
1288 3091 1325 3136 13

121 3197 149 3232 e.
167 3183 217 3234 16.
233 3197 260 3232 a.
278 3183 325 3231 20.
345 3181 377 3231 Τ.
396 3189 421 3232 e.
441 3194 467 3230 c.
484 3181 544 3231 911.
565 3185 603 3230 De
619 3184 672 3229 rte.
689 3185 722 3230 D.
740 3184 757 3228 t·
777 3183 828 3231 20.
847 3195 872 3229 e.
889 3181 917 3229 2.
935 3178 965 3230 T.
984 3180 1008 3231 7.
1036 3190 1060 3228 e.
1084 3178 1145 3228 571.
1174 3178 1330 3242 Gregor.

120 3271 166 3322 M.
185 3270 252 3321 Mar.
271 3274 289 3320 l.
304 3273 354 3322 23.
372 3286 397 3319 e.
415 3273 463 3320 24.
480 3287 507 3320 n.
526 3273 576 3319 46.
598 3288 619 3319 s.
639 3268 711 3333 Opp.
735 3269 767 3320 Τ.
795 3272 817 3319 1.
838 3282 861 3318 c.
881 3267 940 3318 75't.
958 3270 1008 3318 Pia
1025 3271 1130 3330 quidem
1144 3271 1197 3318 lter·
1215 3269 1329 3318 consilio

122 3364 230 3419 (ruitur,
249 3359 369 3417 utdujas
385 3361 609 3418 persp-taurionis
628 3357 741 3417 ternpore
766 3361 910 3409 electorum
935 3362 990 3408 ritu
1016 3360 1151 3422 tardema,-
1176 3360 1220 3407 ria
1239 3360 1333 3419 patrina

118 3450 178 3498 rita
198 3455 238 3498 est
252 3462 397 3507 praesens,
416 3465 467 3510 qua
486 3453 521 3498 ad
536 3451 689 3506 paradisum
709 3450 857 3507 tendimus,
877 3450 1023 3498 etidcirco
1041 3442 1145 3498 occulto
1159 3447 1332 3505 judiciaver-

119 3539 271 3588 turdan'one
286 3539 463 3598 conterimur,
483 3546 544 3588 utne
563 3540 633 3587 utrun
651 3554 696 3595 pra
716 3539 769 3586 rita
785 3539 938 3594 dilianator.
958 3564 990 3573 -
1009 3537 1170 3598 August.
1191 3538 1287 3586 Enarr.
1305 3537 1334 3584 iu

119 3631 168 3677 Pa
177 3627 225 3675 48.
241 3642 270 3675 n.
288 3629 317 3674 3.
335 3626 368 3676 Τ.
387 3626 411 3675 lt.
431 3638 456 3677 e.
475 3627 524 3676 136
542 3642 566 3676 s.
587 3630 697 3676 Ternrdr'u
715 3631 821 3676 videtur
838 3628 1026 3676 derdnlaen‘ar
1044 3640 1122 3688 auam
1140 3627 1228 3682 arbor,
1243 3638 1334 3684 anaar-

118 3718 271 3774 adintuens
289 3723 337 3769 est.
355 3719 447 3766 Herba
465 3722 536 3767 enirn
548 3733 595 3774 per
611 3721 730 3775 aperirem
748 3719 835 3779 aiau,-
854 3718 932 3766 (arbor
948 3730 994 3770 per
1012 3719 1128 3774 apamen
1163 3715 1240 3774 anrsr‘
1257 3714 1336 3761 arida

119 3814 179 3857 est:
199 3819 258 3856 eum
276 3810 316 3854 sot
340 3809 438 3855 exierit
453 3808 720 3863 feruentiortempore
742 3808 862 3865 aestatis,
881 3809 968 3864 ‹rr-dor,
988 3819 1056 3867 quas
1072 3819 1119 3860 per
1139 3807 1259 3861 nparaem
1278 3804 1335 3850 ari-

119 3899 159 3944 da
185 3898 339 3954 aldebaran,
365 3899 483 3952 captetur
496 3898 571 3952 foliis
579 3929 587 3953 ,
604 3898 704 3952 profert
720 3899 834 3954 duetus,
844 3896 924 3944 lierda
935 3903 1023 3943 ertatem
1032 3894 1152 3941 urescit:
1172 3892 1275 3939 adeledis
1285 3894 1331 3940 da·

120 3999 214 4034 nerem
224 3986 334 4040 arboris,
346 3987 427 4032 lierda
441 3986 519 4033 (ariade
529 3993 575 4034 est.
587 3987 636 4034 Sic
646 3992 671 4034 et
679 3988 754 4034 morlo
764 3985 833 4042 jusu
842 3988 973 4044 turbarant,
982 3990 1121 4042 aetatequanr
1140 3980 1230 4030 aertiut
1238 3987 1328 4028 aestus

157 4064 181 4130 ²)
203 4075 224 4120 1.
243 4070 306 4120 Cor.
329 4073 368 4121 12.
390 4073 421 4121 12
440 4086 482 4122 ss.
501 4073 562 4134 Quo
581 4077 713 4136 respectu
733 4073 851 4137 pulchre
868 4073 907 4123 ait
924 4069 1126 4121 Theodora
1140 4073 1217 4126 tus,
1235 4071 1338 4130 Graec

118 4161 214 4218 effect.
225 4175 282 4210 cur.
295 4162 379 4211 Serra.
391 4165 419 4212 6.
431 4161 501 4225 Ορρ.
510 4163 543 4212 Τ.
553 4164 578 4212 d.
588 4176 614 4225 p.
623 4165 683 4213 571.
696 4166 747 4226 err‘
754 4167 822 4213 durate
833 4177 919 4212 rerum
935 4163 1094 4210 uarietatem
1111 4161 1229 4218 praenitet·
1245 4160 1337 4214 serunt

120 4265 207 4311 copae
215 4253 398 4310 radiarentur,
407 4255 477 4313 quad
486 4268 541 4302 non
552 4268 642 4303 orienes
650 4257 744 4302 eaedem
752 4256 938 4310 adeptisumus
946 4269 954 4299 :
962 4253 1079 4308 pictores
1088 4263 1189 4310 quoque
1200 4253 1335 4301 (recusent,

133 4343 205 4400 quod
224 4355 276 4390 non
290 4355 342 4390 uno
362 4348 463 4390 tanturn
476 4344 694 4402 calareutantur,
713 4346 760 4391 sed
777 4357 811 4390 en
831 4343 913 4390 rra-its
939 4342 1070 4399 irrrapines
1086 4353 1149 4387 suris
1175 4337 1334 4393 perpetrant.

127 4430 266 4477 Accusrnt
288 4435 314 4476 et
339 4431 454 4486 lyrarum
475 4431 590 4486 artifices·
605 4431 724 4489 ursosque
741 4432 949 4489 ‹tateaddier'nes,
968 4433 1038 4490 arcad
1052 4444 1104 4478 non
1120 4429 1334 4487 aequalemeun·

126 4519 189 4565 dem
205 4531 297 4565 sarcum
313 4520 429 4566 eleardus
445 4533 535 4567 oannes
552 4521 679 4568 ernittunt.
699 4521 762 4568 Ere.

157 4595 181 4671 ³)
202 4605 225 4654 1.
244 4604 313 4669 neg·
333 4605 357 4664 ι,
376 4608 451 4666 a-s.
468 4605 510 4658 cf.
529 4608 592 4661 tae.
611 4607 637 4669 a,
659 4609 770 4659 rs-u.
