2926 5168
107 176 169 256 136

102 344 284 414 incarnatio,
306 360 403 419 neque
419 344 475 413 ira,
497 343 697 419 poenitentia,
738 350 768 400 et
787 341 864 400 aliae
888 341 979 402 animi
999 340 1168 416 motiones,
1191 359 1318 423 quarum

101 449 180 507 haud
197 449 372 524 infrequens
389 449 501 505 mentio
524 456 570 507 est
597 450 626 505 in
647 447 705 510 SS.
726 449 865 506 Litteris.
889 451 1010 508 Etenim
1030 451 1107 528 quod
1130 452 1318 518 creationem

104 554 231 614 attinet:
261 571 319 610 non
349 560 483 610 mutatur
506 553 619 611 idcirco
647 555 751 624 Deus,
782 572 892 630 quum,
916 557 993 632 quod
1014 555 1162 615 hactenus
1184 556 1319 616 nondum

106 661 280 727 exstiterat,
303 656 431 714 mundns
451 668 569 715 autres
588 654 833 734 aliquacreatur.
854 660 929 717 Nam
948 679 1001 720 res
1020 680 1112 730 nova,
1136 679 1213 738 quae
1234 680 1319 722 crea-

106 774 166 831 tur,
188 763 433 839 haudquaquam
452 780 562 822 novum
580 765 757 833 consilium,
781 782 834 823 neu
857 783 967 823 novum
984 767 1150 824 voluntatis
1168 776 1270 825 actum
1290 768 1319 824 in

105 872 171 927 Deo
189 869 341 945 postulat,
371 867 424 925 scd
445 869 556 944 optime
573 885 640 927 cum
661 870 817 927 voluntate
836 878 978 941 aeterna,
1005 889 1063 947 qua
1080 873 1166 931 Deus
1182 873 1266 942 vult,
1288 880 1321 929 ut

105 993 158 1032 res
179 983 325 1032 externae
344 991 399 1030 suo
420 982 559 1048 tempore
579 975 725 1040 oriantur,
749 977 947 1049 componitur.
970 976 1094 1033 creavit
1113 977 1216 1052 itaquo
1235 978 1321 1036 Deus

106 1078 247 1136 mundum
269 1079 298 1134 in
326 1088 462 1153 tempore
488 1097 546 1136 non
571 1096 647 1136 novo
668 1080 810 1151 consilio,
840 1097 936 1156 neque
961 1098 1039 1138 novo
1061 1081 1237 1150 voluntate,
1268 1081 1321 1140 sed

108 1185 237 1242 consilio
260 1202 295 1242 ac
316 1186 472 1243 voluntate
493 1193 626 1243 aeterua.
648 1185 765 1242 Mutato
790 1193 837 1242 est
862 1193 1020 1252 creatura,
1042 1202 1100 1241 non
1119 1193 1256 1244 mutatus
1276 1193 1323 1244 eat

106 1292 191 1347 Deus
219 1290 295 1364 ipse.
323 1288 417 1362 eram
442 1291 591 1346 rationem
617 1291 728 1365 optimc
745 1291 849 1366 attigit
869 1290 1143 1366 Augustinus,
1173 1289 1322 1350 refellens

110 1413 173 1463 eos,
197 1395 247 1470 qui
267 1394 497 1463 contendebant,
519 1396 618 1453 Deum
640 1395 729 1452 aliter
746 1395 885 1452 affectum
911 1394 1027 1465 fuisse,
1049 1413 1116 1452 cum
1134 1396 1170 1452 ah
1195 1405 1322 1454 aeterno

109 1500 192 1556 velut
213 1501 330 1562 otiosus
349 1498 384 1555 ab
406 1499 486 1557 omni
509 1501 627 1557 actione
647 1501 784 1567 vocavit3
808 1509 836 1557 et
857 1500 957 1567 aliter,
980 1519 1047 1558 eum
1067 1501 1192 1559 subinde
1216 1520 1321 1579 opera·

110 1613 159 1663 tus
174 1613 231 1662 est.
248 1605 353 1675 Nolis,
370 1605 424 1675 ait,
434 1606 494 1682 fae
510 1623 575 1664 uon
586 1610 636 1664 eat
649 1605 790 1675 credere,
804 1604 898 1664 aliter
905 1604 1010 1664 Deam
1021 1608 1116 1684 offici,
1131 1623 1203 1665 com
1218 1609 1322 1681 cacat,

109 1709 203 1769 aliter
219 1728 291 1768 cum
307 1719 476 1785 operatur:
497 1714 573 1787 quia
593 1727 651 1768 nec
666 1711 752 1787 affici
769 1708 920 1768 dicendus
938 1713 997 1780 eet,
1019 1713 1171 1786 tanquam
1192 1712 1229 1770 in
1251 1711 1320 1786 ejas

108 1818 227 1873 notura
244 1815 304 1890 fiat
324 1813 455 1892 aliquid,
478 1814 564 1892 qaod
583 1819 656 1873 ante
677 1813 873 1885 confecerit.
894 1846 935 1857 —-
965 1811 1041 1874 Non
1062 1816 1169 1894 itaque
1188 1815 1226 1874 in
1247 1813 1320 1890 ejur

109 1921 277 1980 vacatione
307 1920 460 1995 coqitetur
491 1920 640 1995 tenacia,
664 1920 803 1987 desidia,
832 1920 949 1978 inertia
956 1939 972 1997 ;
1001 1923 1087 1978 sicul
1115 1937 1176 1978 nec
1196 1920 1233 1978 in
1254 1920 1322 1994 ejus

112 2043 205 2101 opere
226 2023 327 2101 labor,
350 2029 496 2094 conatur,
517 2025 688 2085 indactria.
714 2021 812 2083 Nouii
833 2027 1002 2101 quiescente
1023 2042 1148 2101 acere,
1171 2028 1203 2082 el
1223 2041 1324 2100 cyeno

112 2131 287 2208 qmeecere.
309 2128 482 2188 Poteotal
495 2147 575 2204 apae
589 2146 713 2196 novum
736 2147 817 2188 nou
836 2146 991 2200 nocam,
1014 2129 1088 2188 ced
1107 2129 1322 2204 sempiter-

112 2255 205 2295 num
227 2222 427 2294 adbibere
441 2233 679 2310 consitione
700 2252 759 2291 nec
777 2236 977 2308 poenitendo,
1001 2235 1077 2312 qaia
1097 2234 1189 2312 princ
1210 2251 1323 2293 cecea-

113 2344 213 2411 oerat,
235 2341 338 2416 coepit
353 2341 477 2416 facere,
501 2344 586 2418 quod
605 2355 670 2396 non
688 2340 820 2415 fecerat.
845 2338 910 2398 Sed
928 2340 988 2397 etei
1007 2340 1100 2412 priua
1122 2340 1274 2412 ceacacit,
1295 2342 1326 2397 et

112 2446 275 2522 portariae
297 2448 447 2519 operatae
469 2448 539 2518 eet,
572 2443 680 2520 (quod
708 2442 816 2502 neceto
845 2442 1108 2523 quemadmodum
1138 2445 1178 2503 ab
1200 2443 1325 2504 dominc

112 2552 218 2626 parcit
235 2548 393 2626 intelliql)
410 2547 470 2607 boc
484 2546 601 2622 procul
619 2546 722 2617 dubio,
745 2552 831 2625 qaod
847 2547 977 2624 dicitur,
995 2550 1090 2625 priua
1111 2553 1142 2608 el
1153 2554 1324 2627 posternae,

114 2661 158 2715 iu
180 2656 444 2730 rebaepriue
470 2671 550 2712 ecca
580 2656 897 2723 arietantibus,
931 2656 1208 2729 etpcoteriuc
1240 2656 1326 2715 eori-

115 2760 331 2821 clentibue
347 2759 424 2836 full.
448 2757 488 2816 In
514 2758 693 2818 illocalem
718 2775 784 2818 non
809 2757 945 2818 alteram
965 2758 1207 2835 praecedentem
1226 2759 1327 2819 altera

116 2870 314 2944 retorquens
331 2865 474 2940 enatavit,
497 2868 555 2922 aut
569 2863 702 2922 abstulit
715 2863 917 2935 uoluntatem,
937 2864 999 2922 aed
1012 2881 1090 2923 aaa
1107 2862 1327 2944 eademque

117 2974 379 3046 sempiterna
402 2973 442 3027 et
459 2970 725 3030 immutabili
745 2968 968 3028 voluntate
984 2988 1052 3046 ree,
1074 2986 1155 3047 quoa
1175 2969 1326 3046 condidit,

119 3082 150 3136 et
163 3082 197 3135 ut
210 3077 304 3153 price
323 3092 388 3133 non
405 3084 513 3134 essent
533 3077 615 3151 ecit,
639 3075 788 3152 quamdiu
805 3093 869 3134 non
883 3076 1033 3151 fuerunt,
1065 3078 1099 3132 et
1117 3079 1155 3134 ut
1166 3076 1328 3151 poster-iae

119 3185 240 3251 eremit,
271 3180 397 3258 quando
421 3197 493 3238 ecce
515 3185 687 3256 coeperunt
708 3185 747 3252 ¹).
772 3215 810 3224 -
833 3175 918 3238 Ante
944 3181 1050 3238 omnia
1076 3180 1327 3257 meminerimus,

119 3284 438 3362 contemporalibus
466 3287 562 3363 quari
586 3286 685 3343 animi
706 3288 759 3343 etei
779 3290 836 3343 aot
862 3285 1004 3362 corporia
1036 3285 1171 3343 motibus
1203 3285 1328 3363 operari

120 3390 235 3461 Deum,
257 3391 343 3448 cient
358 3394 508 3463 operatur
536 3392 626 3448 bomo
646 3393 696 3448 cel
715 3387 863 3465 Auyeluc
873 3432 885 3465 ,
917 3389 977 3447 ced
995 3389 1180 3449 aeternio
1203 3395 1328 3471 atque

121 3495 541 3555 incommutabilibus
572 3497 609 3551 et
634 3493 870 3553 stabilibus
897 3493 1138 3553 rationibuo
1171 3494 1328 3555 coaeterni

121 3600 184 3659 eibi
202 3599 297 3658 Verbi
318 3600 392 3674 cui,
414 3602 447 3656 et
462 3597 616 3675 quodam,
639 3603 674 3657 nt
693 3602 739 3657 ita
761 3599 909 3674 dixerim,
926 3601 1000 3676 fotu
1022 3579 1073 3678 (al.
1092 3599 1189 3677 lictu)
1206 3600 1328 3677 pariter

123 3703 285 3762 coaeterni
310 3705 343 3762 S.
368 3702 508 3778 Spiritus
537 3703 591 3762 eui
615 3698 652 3784 ²).
674 3697 808 3762 Pulchre
836 3705 926 3762 etiam
955 3705 984 3761 in
1007 3722 1073 3762 rem
1095 3711 1234 3762 nostram
1258 3705 1327 3763 ocri·

123 3808 167 3866 bit
197 3806 464 3865 Ahaelardus.
497 3803 580 3865 Cum
609 3807 763 3885 dicimur,
786 3809 883 3885 inquit
904 3807 1006 3878 hicce,
1029 3825 1103 3868 eam
1121 3809 1256 3888 (Deum)
1271 3810 1326 3870 ali·

129 4009 394 4020 ...ι-ψ...-

161 4112 183 4174 ι)
201 4115 244 4163 De
264 4114 319 4163 cio.
336 4114 372 4162 D.
391 4115 410 4161 i.
430 4113 479 4163 12.
498 4128 523 4162 e.
543 4116 592 4163 17.
609 4130 638 4165 π.
658 4115 687 4166 2.
713 4113 784 4180 Ορρ.
809 4114 842 4165 Τ.
868 4118 893 4168 7.
919 4129 943 4168 c.
968 4116 1019 4166 316
1037 4129 1062 4166 s.
1089 4114 1131 4166 cf.
1150 4117 1171 4167 1.
1190 4117 1242 4169 22.
1261 4115 1328 4169 002·

128 4216 153 4254 c.
171 4204 232 4253 656.
251 4207 271 4254 Ι.
292 4203 341 4252 12.
360 4216 385 4254 r.
406 4202 456 4251 20.
477 4217 502 4252 n.
520 4205 549 4251 4.
567 4215 591 4253 c.
609 4203 660 4253 320
678 4216 705 4254 s.
724 4207 744 4254 l.
763 4209 812 4257 11.
831 4220 856 4256 c.
874 4209 904 4258 4.
923 4213 948 4253 n.
968 4208 998 4257 2.
1017 4218 1043 4257 ο.
1061 4205 1149 4257 2733.
1169 4207 1202 4258 ln
1219 4209 1267 4258 Pe.
1288 4209 1335 4258 22.

126 4308 155 4343 n.
176 4295 201 4340 7.
220 4289 254 4340 Τ.
271 4291 296 4339 5.
318 4302 344 4340 c.
362 4291 422 4340 758.

161 4371 185 4441 ²)
203 4382 246 4429 De
265 4381 333 4429 Gen.
349 4382 386 4429 ad
407 4380 457 4429 tin.
475 4384 492 4429 t.
519 4384 548 4432 1.
566 4396 590 4431 r.
609 4384 659 4433 18.
678 4398 707 4433 n.
726 4384 776 4433 36.
794 4380 824 4432 Τ.
843 4384 870 4434 3.
888 4381 922 4434 Ρ.
942 4384 966 4432 1.
985 4395 1011 4435 c.
1031 4383 1080 4434 123
1098 4397 1123 4435 a.
1142 4380 1185 4435 cl.
1204 4381 1361 4446 cyrilt-

128 4467 226 4520 Alcx.
243 4470 285 4518 lle
304 4469 399 4520 Trinit.
417 4469 493 4518 Diei.
511 4472 540 4519 2.
560 4466 631 4535 Opp.
649 4468 684 4522 Τ.
702 4470 729 4522 6.
746 4468 780 4522 Ρ.
800 4472 825 4523 1.
842 4484 871 4536 p.
888 4471 949 4523 339.
978 4474 1105 4522 Plenam.
1125 4475 1226 4522 Acecrt.
1247 4474 1279 4524 4.
1296 4468 1342 4520 lb
1359 4493 1372 4506 ·

127 4570 155 4625 p,
173 4559 216 4610 32.
226 4582 258 4595 -
268 4554 311 4608 Di
322 4571 338 4608 o
349 4570 424 4624 oye.
441 4557 573 4626 Areop.
588 4561 630 4610 De
644 4562 868 4613 errtdiierarcb·
880 4574 906 4614 e.
925 4565 952 4615 3.
971 4564 1001 4623 t.
1020 4563 1048 4613 3.
1070 4558 1139 4626 Opp.
1151 4558 1184 4615 Τ.
1198 4562 1221 4613 1.
1233 4574 1264 4628 p.
1276 4555 1363 4612 331
1377 4579 1383 4596 ·
