2926 5168
121 209 182 276 tta

119 351 329 441 (irspyqnud),
350 365 446 440 prout
468 354 517 419 eis
538 355 620 420 notio
642 352 837 419 efficientiae
860 353 976 417 deesse
998 364 1054 418 aut
1084 349 1195 418 inesse
1227 357 1314 442 cogi·

120 474 215 528 tatur.
242 463 294 527 Ad
322 460 432 547 priora
458 459 617 547 pertinent·
644 459 853 545 simplicitas,
874 458 1132 534 immutabilitas,
1168 469 1255 545 etc.;
1277 459 1316 522 ad

121 568 305 659 posteriora
327 564 569 644 omniscientis,
593 564 835 653 omnipotentia,
858 577 919 630 etc.
941 565 1009 629 Sed
1037 565 1138 630 misso
1164 563 1240 638 illo,
1254 585 1317 628 no·

122 696 195 740 men
217 671 445 737 attributorum
461 672 695 758 quiescentium
715 671 747 736 in
768 670 841 735 Deo
851 717 864 752 ,
885 670 951 736 vita
979 691 1030 736 ac·
1046 670 1199 751 attacta,
1224 671 1318 734 abso·

128 782 214 853 luta,
237 775 420 852 offendere,
443 790 475 841 et
503 797 615 841 nomeu
646 775 881 841 transeuntium
909 776 949 839 ad
978 774 1319 856 omniscientiam,2li·

123 886 302 956 bertatem,
325 894 389 950 etc.
412 882 497 946 haud
519 883 687 968 quadrare,
712 880 808 946 etiam
830 882 890 946 bac
912 880 1069 947 divisione
1090 881 1184 947 nobis
1207 890 1320 965 aperte

126 999 322 1075 conspectus
344 987 570 1053 attributorum
593 988 767 1054 divinorum
789 987 914 1052 iacilior
937 986 1021 1051 haud
1042 987 1229 1072 praebetur.
1259 1034 1263 1040 -

207 1097 235 1162 lt.
258 1091 319 1157 Alii
339 1093 457 1158 iterum
479 1094 662 1158 discermnt
682 1092 766 1157 inter
797 1092 950 1156 attributa
976 1092 1083 1157 divina
1111 1090 1282 1175 metaph
1288 1109 1321 1172 y-

128 1199 214 1264 sica
251 1220 310 1264 seu
336 1199 532 1285 physica,
565 1219 640 1291 quae
670 1199 710 1262 ad
742 1198 806 1263 Dei
835 1195 1046 1262 substantiam
1071 1197 1247 1284 infinitam,
1270 1193 1322 1258 vel

128 1304 230 1389 potius
253 1305 293 1369 ad
322 1304 528 1369 existentiam
559 1305 732 1369 absolutam
763 1315 928 1388 spectant,
958 1315 991 1368 et
1012 1304 1096 1368 inter
1124 1301 1324 1374 moralia,

127 1411 177 1475 vel
199 1431 296 1485 vero,
318 1420 354 1473 ut
376 1407 430 1472 alii
452 1409 581 1480 volunt,
603 1408 684 1473 inter
704 1407 1027 1474 intellectualia
1054 1420 1087 1472 et
1114 1406 1325 1484 moralia,

130 1535 211 1600 quae
233 1515 273 1578 ad
295 1514 364 1598 ejus
385 1512 624 1600 intelligentiam
644 1524 677 1578 et
698 1513 1097 1578 voluntatemreieruntur.
1119 1513 1276 1577 Attamen
1293 1522 1325 1574 et

129 1620 209 1683 haec
231 1616 345 1682 divisio
376 1616 538 1682 notionem
566 1617 647 1709 entis
673 1617 810 1683 absoluti
838 1639 876 1683 ac
904 1618 1135 1704 perfectissimi
1157 1618 1246 1682 baud
1271 1637 1324 1680 ex·

130 1722 258 1801 haurit,
282 1744 377 1808 quum
392 1743 515 1786 summa
536 1723 670 1788 beatitas
694 1735 727 1788 et
746 1720 976 1807 omnipotentia
1003 1724 1045 1788 ad
1077 1723 1235 1787 attributa
1262 1741 1328 1784 mo·

130 1829 226 1900 ralia,
258 1829 297 1893 ad
329 1848 409 1913 quae
433 1839 578 1893 tamena
607 1828 748 1914 patronis
774 1828 907 1913 hujusce
938 1827 1101 1893 divisionis
1130 1827 1328 1898 referuntur,

132 1933 216 1997 haud
237 1930 396 2016 pertineat
419 1937 455 2013 ί).

214 2036 426 2101 Abstinentes
454 2037 560 2122 itaque
591 2038 627 2102 ab
657 2037 742 2103 omni
763 2038 920 2103 divisione
949 2038 1178 2104 attributorum
1205 2036 1328 2101 divino·

131 2164 202 2207 rum
223 2141 433 2215 instituenda,
460 2162 555 2227 quum
584 2142 667 2206 nulla
688 2162 731 2206 ex
770 2143 934 2228 hucusque
965 2144 997 2208 in
1028 2145 1169 2210 medium
1191 2140 1328 2228 prolatis

131 2246 262 2332 probari
290 2257 403 2332 queat,
435 2258 608 2332 sequentes
634 2248 697 2311 SS.
729 2246 891 2322 Litteras,
922 2269 1003 2333 quae
1033 2247 1247 2335 descriptioni
1268 2244 1328 2310 Dei

133 2351 312 2440 analogiam
338 2350 476 2416 hominis
501 2353 724 2427 substernunt,
754 2353 857 2438 primo
889 2354 993 2418 Deum
1021 2356 1125 2441 quoad
1155 2355 1227 2439 ejus
1251 2349 1328 2417 exi·

133 2456 358 2537 stantiam,
381 2456 495 2521 deinde
516 2459 620 2542 quoad
640 2458 948 2546 cognitionem,
971 2462 1166 2546 tumqu'oad
1187 2459 1328 2523 volun-

134 2574 280 2635 tatem,
303 2573 338 2625 et
360 2563 487 2625 tandem
503 2563 605 2646 quoad
627 2573 777 2627 statum
798 2563 1034 2640 internum,
1067 2586 1111 2630 ex
1131 2559 1328 2651 perfectissi-

110 2675 112 2678 ’
134 2687 185 2731 ma
203 2665 402 2752 cognitione,
426 2686 464 2730 ac
491 2667 651 2731 voluntate
681 2669 869 2734 necessario
896 2669 1083 2746 oriundum,
1107 2664 1326 2738 considerabi-

48 2802 51 2810 ·
134 2794 223 2848 mus,
248 2770 420 2856 etquidem
434 2773 656 2856 ostendemus,
679 2794 751 2839 eum
768 2795 859 2840 esse:

260 2877 300 2945 A.
325 2877 429 2962 quoad
451 2877 737 2954 existentiam3

324 2987 351 3049 1.
374 2981 627 3067 simplicem,
650 3007 709 3051 seu
728 2986 875 3070 spiritum
897 2985 1184 3073 purissimum3

322 3089 352 3151 2.
374 3085 684 3163 immutabilem

262 3226 265 3230 ⁴
322 3193 350 3257 3.
372 3202 619 3277 aeternum3
640 3205 673 3257 et

321 3296 351 3360 lt.
373 3300 680 3363 immensumac
702 3298 1105 3384 omnipraesentem;

263 3397 302 3463 Β.
324 3399 428 3485 quoad
450 3401 750 3488 cognitionem:
783 3426 785 3433 ’

325 3510 353 3571 5.
376 3505 638 3581 omniscium3
661 3519 694 3572 et

325 3615 357 3676 6.
380 3610 772 3697 sapientissimum3

264 3713 300 3779 (3.
324 3715 429 3799 quoad
450 3718 735 3783 voluntatem:

136 3885 384 3908 m

175 3948 199 4011 ι)
219 3949 339 4002 silentio
353 3951 605 4017 praetermittimus
626 3951 793 4005 divisionem
812 3952 1011 4006 attributorum
1028 3949 1199 4019 divinorum,
1217 3970 1234 4010 a
1251 3939 1368 4009 nob·

143 4052 195 4090 ma
201 4052 292 4103 yero
312 4040 518 4106 excogitatam,
537 4042 564 4093 in
580 4043 766 4108 perfectiones
784 4057 810 4093 m
821 4056 836 4095 e
847 4043 1088 4111 tapbysicas,
1106 4060 1181 4113 quae
1201 4033 1370 4100 rationed

142 4125 341 4193 possibilitatis
360 4130 463 4191 (Deum
481 4145 546 4182 esse
563 4144 613 4183 ens
626 4145 721 4183 verum
739 4136 768 4184 et
783 4132 892 4195 vivum,
912 4147 997 4186 ensa
1018 4148 1052 4187 se
1076 4141 1107 4187 et
1130 4137 1358 4189 necessarius&

142 4231 193 4269 ens
218 4216 343 4282 eutium,
380 4225 544 4283 aeternum,
568 4220 819 4288 indemnitatem,
845 4228 873 4276 et
898 4223 1117 4292 immutabilem)
1141 4216 1370 4292 physica?

143 4319 214 4373 quae
229 4304 364 4361 rationem
382 4310 551 4363 existentiae
570 4309 744 4377 (intellectus
766 4311 874 4365 infinite
892 4314 1057 4379 perfectus,
1076 4304 1370 4368 voluntastntinttfi

143 4396 358 4463 omnipotentia,
378 4398 614 4465 omnipraesentie
626 4404 654 4452 et
677 4400 875 4469 immensitas),
901 4410 937 4456 et
954 4421 979 4457 m
990 4405 1144 4469 orales,
1162 4421 1237 4474 quae
1260 4399 1370 4458 rati&

143 4497 206 4535 nem
225 4484 290 4537 finis
306 4486 400 4538 ultimi
415 4487 576 4554 exprimunt
596 4489 767 4556 (sapientia,
784 4491 942 4555 sanctItas,
960 4492 1072 4547 bonitas
1100 4503 1130 4549 et
1141 4496 1282 4564 justitia),
1302 4475 1370 4546 u⁴

144 4578 208 4641 pote
222 4589 292 4642 qnae
310 4590 428 4642 prorsus
444 4577 518 4630 omni
542 4578 677 4643 veritate,
697 4593 730 4632 ac
745 4579 807 4633 ideo
821 4581 903 4634 etiam
921 4583 995 4636 omni
1014 4600 1070 4639 usu
1089 4585 1269 4641 destituitur.
