2926 5168
1262 223 1326 339 u

118 377 227 469 legem
248 377 387 444 divinam
409 379 448 464 ¹),
468 397 530 443 nee
560 395 623 443 non
654 375 793 465 gratiam
820 384 962 441 mentem
989 387 1136 443 nostram
1160 374 1322 444 illustren-

118 497 186 550 tem
208 486 237 570 ²)
259 483 431 549 veritatem
448 483 617 567 adpellant.
640 483 747 568 Atque
757 481 832 546 ideo
851 501 976 568 quoque
993 483 1034 549 de
1054 482 1171 549 ideis
1196 483 1229 550 in
1251 484 1324 548 Deo

118 610 229 656 sermo
250 588 322 653 lieri
342 598 459 674 potest
489 588 577 652 Srmt
598 607 757 669 nomae,
786 586 831 651 ait
854 587 1139 673 Augustinus,
1166 596 1185 652 a·
1200 596 1253 652 de
1267 610 1325 652 ae

112 696 407 778 principales
434 695 655 776 quaedam,
678 695 959 757 oelretionce
978 716 1117 758 rerum
1136 695 1326 765 stabiles

118 809 243 885 atque
271 800 672 879 incommutabiles,
705 819 812 880 quae
840 802 960 878 ipsae
989 804 1211 879 formatae
1247 820 1327 863 non
1409 883 1415 892 Ι

118 913 236 987 erent,
266 928 312 969 ac
339 927 414 986 per
442 907 512 967 boc
541 910 745 967 aeternae
774 924 1019 985 occemper
1049 907 1191 968 eodem
1212 912 1326 968 modo

116 1012 466 1091 eesebobentes,
487 1030 595 1092 puae
623 1013 667 1071 in
696 1009 1170 1090 dieinaintellipentie
1198 1013 1326 1074 conti·

116 1128 284 1183 nentur.
307 1117 444 1179 Etcum
464 1121 554 1195 ipsae
574 1134 677 1201 neque
698 1117 856 1196 oriantur,
871 1134 973 1197 neque
992 1117 1327 1205 intereuutzncceun·

110 1222 214 1286 ,dum
235 1240 310 1283 ceo
331 1225 462 1283 temen
478 1222 667 1296 formari
688 1221 848 1284 dicitur
869 1238 996 1293 omne,
1019 1221 1129 1303 quod
1155 1222 1265 1283 oriri
1292 1227 1329 1281 et

113 1327 307 1386 interire
336 1329 497 1404 potest,
532 1344 550 1387 e
606 1344 716 1388 omne
746 1324 857 1407 quod
883 1328 1020 1387 oritur
1049 1327 1264 1388 etinterit.
1285 1359 1326 1370 —

118 1427 207 1504 (luia
243 1430 363 1492 audeat
389 1431 514 1502 dicere,
551 1429 657 1492 Deum
683 1430 947 1495 irrationabiliter
985 1433 1091 1492 ornnio
1128 1429 1331 1494 condidisse?

117 1531 222 1608 uoco
239 1537 270 1595 ei
289 1541 375 1596 recte
397 1535 461 1597 dici
481 1533 532 1597 cel
550 1537 639 1598 credi
659 1555 724 1600 nou
737 1542 859 1616 potest,
880 1541 983 1597 restat
1002 1536 1108 1598 omniu
1128 1521 1252 1597 ratione
1264 1536 1330 1596 einl

111 1640 257 1705 condita.
281 1674 321 1684 —
342 1639 415 1701 Hae
443 1651 546 1702 uatem
573 1645 714 1703 rationes
720 1685 734 1722 ,
764 1646 818 1703 abt
840 1641 1059 1703 arbitrandum
1080 1624 1130 1703 eet
1155 1659 1244 1715 ecee,
1265 1641 1330 1700 nisi

108 1749 157 1807 in
182 1747 277 1824 ipsa
297 1752 433 1809 mente
456 1746 707 1810 Oreutorisl
727 1754 797 1810 Non
818 1751 902 1809 oraim
920 1753 1016 1810 ectru
1032 1746 1252 1832 nequidquam
1267 1758 1329 1821 poi·

102 1853 217 1939 situm
237 1852 439 1925 intuebatur,
460 1859 498 1913 ut
515 1855 693 1916 secundum
705 1854 740 1915 id
758 1856 978 1926 constitueret,
1000 1860 1088 1936 quod
1106 1834 1329 1916 consituebct:

107 1972 198 2016 nam
217 1953 279 2014 laoc
299 1959 423 2036 opinari
445 1958 639 2034 sacriloqum
668 1963 725 2020 eet.
756 1954 878 2031 Quodsi
898 1962 959 2020 bae
978 1977 1086 2020 rerum
1102 1958 1240 2020 omnium
1255 1968 1328 2018 cre-

104 2059 280 2129 andarum
293 2065 511 2123 creatarumve
524 2064 667 2123 rationes
680 2064 716 2124 in
732 2063 842 2126 meina
865 2069 968 2125 mente
988 2066 1206 2135 conlocentur,
1227 2079 1332 2143 neque

106 2171 145 2228 in
191 2167 301 2226 dicium
334 2172 436 2227 mente
464 2165 655 2247 quidquam,
683 2172 749 2229 nisi
770 2173 935 2230 ueternum
956 2174 1055 2250 atque
1075 2164 1331 2230 incommutabile

107 2275 225 2352 potest
246 2290 339 2348 esee,·
368 2282 465 2353 alonae
486 2276 547 2333 bas
568 2293 678 2335 rerum
698 2275 841 2336 rationes
856 2272 1053 2352 principales
1074 2271 1216 2352 appellat
1229 2273 1332 2331 ‘ideuc

113 2377 233 2440 Plato:
260 2395 342 2438 non
370 2377 509 2438 solum
537 2384 634 2439 suut
660 2377 795 2448 ideae,
823 2378 1043 2457 oedipeoe
1065 2357 1330 2453 cerue'sunt,

117 2484 198 2563 posia
220 2487 491 2562 ueteranorum,
520 2489 553 2544 et
578 2487 733 2562 eJ‘usmodt
759 2493 855 2565 utque
883 2483 1154 2546 incommutabiles
1182 2485 1332 2559 manent,-

117 2606 293 2669 quarum
311 2591 650 2668 participatione
666 2592 750 2664 fit,
772 2599 818 2651 ut
836 2592 904 2661 eit,
927 2586 1132 2671 quidquid
1150 2593 1221 2660 cot,
1244 2603 1330 2665 auo·

118 2693 234 2754 modo
257 2698 324 2754 est
342 2699 381 2765 1).
405 2725 442 2747 -.-
465 2691 571 2756 Porro
589 2692 780 2778 sapientiam
797 2691 829 2756 in
846 2692 919 2756 Deo
936 2713 999 2754 non
1017 2689 1240 2756 successivam
1255 2707 1332 2752 esse

119 2795 178 2860 vel
197 2793 432 2871 discursivam,
453 2796 474 2861 i.
496 2817 524 2863 e.
546 2797 779 2863 deliberatione
810 2797 946 2883 quadam
973 2807 1144 2884 egentem,
1159 2790 1226 2861 ‘sed
1250 2792 1332 2858 dire·
1364 2826 1367 2831 ·

120 2912 207 2967 ctam
224 2911 258 2965 et
271 2900 461 2977 intuitivam,
477 2901 497 2966 i.
515 2923 543 2966 e.
561 2925 624 2969 uno
645 2903 783 2988 simplici
800 2914 874 2968 actu
889 2903 996 2968 omnia
1013 2901 1108 2967 simnl
1121 2890 1330 2986 compielu'en-

119 3008 269 3082 dentem,
291 3026 335 3073 ex
352 3006 550 3096 cognitionis
566 3010 713 3074 absolute
728 2997 894 3095 perlectae
908 3007 1017 3080 indole
1026 3011 1095 3086 jam
1111 2992 1329 3097 cortsequitnr.

206 3117 375 3177 Observ.
398 3119 556 3194 Sapientia
574 3120 634 3178 Dei
648 3120 765 3178 infinita
782 3119 971 3179 excitamur:
1258 3104 1260 3108 ⁸
1310 3130 1314 3136 ’

204 3239 231 3279 a.
253 3220 342 3279 Utin
369 3241 405 3280 ea
428 3240 514 3298 spem
539 3241 574 3281 ao
601 3223 740 3282 fiduciam
763 3223 989 3292 certissimam,
1013 3224 1104 3282 etiam
1121 3218 1263 3280 in'rebus
1283 3215 1331 3275 ad·

119 3326 243 3396 veram,
265 3327 469 3404 collocemus,
491 3329 760 3404 persuasissimum
779 3328 944 3399 habentes,
966 3331 1066 3387 Deum
1083 3326 1184 3412 omnia
1214 3307 1332 3400 saplen-

120 3433 243 3499 tissime
264 3431 445 3510 disponere,
468 3441 498 3492 et
513 3432 581 3493 hinc
597 3443 713 3508 sortem
725 3445 884 3507 nostram,
904 3451 1099 3511 quaeeunque
1117 3431 1221 3500 fuerit,
1249 3437 1329 3486 tran·

119 3539 225 3616 quilla,
242 3540 414 3616 cum-plena
432 3539 524 3597 animi
544 3541 768 3618 acquiescentia
786 3539 931 3600 ieramus.
953 3535 1035 3613 Quae
1051 3539 1117 3597 sola
1133 3543 1181 3614 est
1195 3551 1269 3609 vera
1287 3533 1328 3590 vi·

118 3652 173 3701 tae
193 3643 353 3718 sapientia.
385 3647 387 3652 ’
737 3709 740 3713 ,
866 3699 870 3705 .
932 3635 947 3721 ]
1115 3705 1117 3708 ,

208 3749 236 3808 1.
261 3745 299 3805 111
313 3747 491 3808 documenta
511 3748 575 3823 ejus
595 3760 658 3807 tum
682 3750 713 3807 in
734 3767 837 3808 rerum
858 3758 981 3820 natura,
1003 3757 1066 3806 tum
1080 3746 1109 3805 in
1126 3729 1266 3815 historia,
1289 3750 1332 3803 at·

119 3871 181 3931 que
197 3854 405 3931 praeeipuegin
421 3873 512 3931 opere
530 3854 734 3926 redemtionis
747 3862 891 3925 nostrae,
914 3862 977 3911 tum
995 3853 1033 3925 „in
1053 3852 1116 3941 vita
1134 3859 1240 3909 nostra
1263 3855 1332 3925 quo·

118 3977 180 4038 que
198 3959 329 4019 sollicite
345 3976 438 4037 aeque
452 3977 487 4018 ae
508 3957 645 4019 modeste
664 3960 897 4036 investigemus,
921 3976 978 4037 quo
997 3952 1095 4034 magis
1111 3956 1141 4014 in
1155 3945 1220 4014 dies
1232 3954 1331 4012 Deum

116 4153 373 4172 Μ

158 4236 588 4304 ι1111111.2,11.1).·1.25,11.,85,
609 4239 648 4288 11.
669 4239 727 4298 tte,
747 4238 790 4289 30.
809 4236 853 4288 811.
872 4235 929 4288 112.
953 4234 1012 4286 160.
1031 4231 1101 4285 Tot.
1123 4234 1163 4293 tt,
1184 4232 1226 4285 tu.
1246 4232 1333 4283 boen.

115 4333 149 4393 3,
169 4330 212 4380 et.
231 4329 281 4390 tu,
309 4331 350 4382 17.
370 4330 411 4394 te,
430 4323 471 4381 13.
490 4330 517 4385 2,
542 4327 625 4379 boen.
642 4326 668 4379 1.
687 4329 712 4378 3.
741 4326 824 4377 Joan.
843 4325 870 4377 1.
887 4325 968 4375 Rom.
988 4323 1011 4386 1,
1033 4324 1072 4374 ts.
1090 4323 1116 4383 2,
1135 4324 1162 4376 8.
1181 4320 1246 4374 Gal.
1264 4324 1291 4382 3,
1310 4324 1334 4371 t.

113 4418 230 4487 Ephes.
248 4421 275 4482 t,
292 4420 320 4471 9.

156 4501 181 4573 ²)
198 4507 248 4564 ra.
264 4509 308 4570 te,
326 4511 352 4561 ³.
371 4507 411 4559 Gi.
430 4505 514 4560 loen,
534 4508 558 4572 1,
578 4506 603 4559 1.
619 4505 646 4558 ὅ.
665 4506 692 4556 9.
712 4502 754 4567 11,
772 4504 799 4556 b.
818 4505 861 4557 lb,
881 4505 922 4557 17.

155 4593 181 4666 3)
201 4600 243 4650 De
262 4598 369 4650 divers.
387 4599 500 4663 quaest.
517 4598 562 4648 83.
582 4608 610 4660 q,
629 4595 673 4648 16.
692 4606 721 4647 ιι.
739 4594 768 4648 2.
786 4592 855 4660 0pp.
873 4594 906 4648 Τ.
920 4595 948 4646 t.
962 4606 990 4646 c.
1007 4594 1036 4644 t't
1054 4605 1082 4644 s.

1094 4681 1134 4745 12
