2926 5168
491 1093 684 1199 Pars
722 1087 962 1202 tertia.

309 1318 535 1398 Donatum
559 1325 776 1420 spirituali,
810 1346 881 1397 seu
906 1323 952 1398 ue
978 1323 1149 1422 Angelis.

586 1507 867 1618 (Appetotopta).

548 1752 573 1838 t.
597 1750 631 1820 1.
654 1748 901 1836 ingressio.

210 1917 331 1981 Mundo
353 1918 529 1984 universim
552 1919 773 1993 considerato,
806 1920 846 1983 ad
869 1917 1014 2004 singulas
1035 1925 1168 1979 naturas
1190 1927 1329 1990 creatas,

127 2040 168 2084 ex
192 2021 305 2106 quibus
328 2024 546 2108 componitur,
578 2024 814 2098 convertimur,
844 2035 879 2087 ut
901 2043 1011 2087 earum
1031 2019 1172 2084 indolem
1195 2031 1229 2084 et
1249 2021 1330 2084 rela-

125 2126 245 2189 tionem
267 2128 306 2191 ad
328 2150 398 2202 nos,
422 2140 578 2214 quatenus
610 2129 641 2193 id
671 2130 709 2192 ad
742 2134 879 2193 salutem
902 2137 1047 2192 nostram
1070 2125 1330 2211 consequendam

126 2231 346 2297 necessarium
369 2245 430 2307 est,
453 2253 700 2320 cognoscamus.

208 2334 330 2399 Omnes
353 2336 479 2421 quidem
501 2349 634 2401 naturae
657 2348 787 2402 creatae
810 2357 906 2399 unum
937 2333 1123 2399 universum
1145 2332 1330 2410 conficiunt,

126 2461 186 2504 non
209 2451 333 2504 tantum
356 2442 503 2527 quoniam
536 2464 579 2507 ex
600 2465 662 2507 una
685 2443 861 2527 eademque
892 2439 1017 2527 origine
1048 2448 1256 2511 emanarunt,
1289 2457 1332 2504 ex

125 2544 224 2609 nihilo
247 2544 370 2609 scilicet
390 2567 450 2631 per
472 2547 733 2637 omnipotentiam
756 2547 895 2612 divinam
925 2544 1105 2616 excitatae,
1129 2555 1162 2608 et
1184 2542 1331 2628 quoniam

125 2668 237 2712 omnes
251 2649 390 2723 omnino,
407 2662 516 2737 utpote
533 2663 673 2727 creatae,
688 2663 762 2715 sunt
774 2649 892 2725 finitae,
915 2661 1010 2735 atque
1026 2651 1088 2714 lrac
1109 2647 1235 2713 ratione
1266 2649 1331 2716 enti

124 2753 248 2818 inlinito
272 2754 439 2839 oppositae
463 2762 505 2836 ¹),
529 2758 587 2822 sed
617 2758 790 2843 praecipue
829 2755 901 2842 quia
931 2756 971 2818 ad
1004 2776 1041 2820 se
1079 2754 1218 2820 invicem
1247 2755 1328 2819 rese·

124 2870 248 2939 rantur,
269 2857 354 2924 inter
376 2881 413 2924 se
430 2860 568 2927 invicem
584 2866 830 2950 conjunguntur,
854 2873 888 2926 et
903 2881 1121 2946 unaquaeque,
1144 2860 1221 2925 licet
1234 2859 1331 2925 linem

125 2965 185 3032 sibi
210 2965 372 3049 proprium
402 2966 580 3051 praelixum
603 2970 737 3042 habeat,
773 2967 866 3031 simul
895 2979 1030 3051 propter
1062 2968 1197 3030 alteram
1226 2969 1330 3041 adest,

124 3082 176 3135 aut
199 3069 370 3135 utilitatem
393 3072 528 3158 aliquam
552 3095 594 3137 cx
617 3094 656 3138 ea
677 3073 824 3158 percipit.
857 3072 1016 3136 Attamen.
1037 3071 1111 3135 ideo
1132 3092 1331 3159 nequaquam

124 3195 220 3239 unum
233 3174 381 3261 idemque
393 3179 496 3262 quoad
510 3178 721 3243 substantiam
734 3188 818 3249 sunt,
830 3197 943 3240 verum
953 3175 1060 3259 potius
1070 3175 1195 3240 ratione
1206 3178 1301 3263 hujus
1312 3198 1331 3241 a

126 3280 321 3346 seinvicem
343 3302 479 3365 prorsus
502 3282 667 3356 differunt;
690 3282 775 3347 aliud
798 3281 881 3344 enim
904 3292 955 3344 est
980 3279 1113 3365 spiritus
1136 3301 1195 3346 seu
1215 3293 1330 3347 natura

124 3384 319 3470 spiritualis,
349 3386 434 3450 alind
456 3384 561 3467 φύσις,
594 3409 652 3453 seu
681 3400 794 3452 natura
824 3387 1003 3463 mundana,
1034 3385 1118 3450 aliud
1147 3388 1254 3464 homo,
1277 3388 1330 3474 qni

123 3489 208 3555 illam
238 3501 404 3577 utramque
435 3490 466 3556 in
497 3512 534 3556 se
565 3494 766 3579 conjunctam
794 3492 901 3566 habet,
930 3502 963 3555 et
991 3489 1066 3556 hinc
1093 3492 1168 3576 jure
1190 3504 1225 3556 ut
1246 3492 1330 3556 alter

125 3597 271 3672 mundus,
298 3617 358 3662 seu
395 3593 593 3679 μικρόκοσμος
624 3597 655 3662 in
693 3593 894 3680 μακρόκοσμῳ
923 3595 1122 3661 considerari
1151 3607 1260 3680 potest
1290 3606 1330 3672 ²),

124 3721 219 3784 quum
240 3701 311 3786 ipse
332 3702 364 3765 in
387 3723 425 3766 se
447 3703 560 3766 coelos
583 3714 616 3767 et
638 3713 759 3767 terram
780 3701 987 3767 consociatos
1009 3711 1140 3788 gestet,
1163 3700 1269 3785 nilque
1291 3702 1331 3764 de

124 3806 241 3871 mundo
271 3806 301 3871 ei
333 3807 417 3872 desit
447 3815 487 3884 ⁸).
518 3807 722 3892 Quapropter
752 3807 888 3870 mundus
919 3805 1021 3870 tribus
1053 3815 1181 3870 constat
1207 3806 1331 3893 regnis,

122 3929 140 3972 a
162 3930 201 3974 se
221 3910 294 3994 ipsa
310 3911 488 3976 substantia
503 3933 562 3977 seu
578 3911 731 3985 essentia,
754 3919 795 3974 τώ
814 3904 886 3988 ὅττι,
910 3910 1064 3974 diversis:
1085 3920 1240 3973 natura
1258 3911 1332 3996 spi·

121 4015 288 4089 rituali,
313 4017 531 4101 corporali
553 4030 586 4081 et
606 4019 789 4084 humana.
812 4017 848 4079 ln
873 4037 934 4100 qua
958 4035 1015 4078 sua
1046 4012 1158 4096 ἑτότητι
1179 4027 1212 4078 et
1233 4013 1331 4096 τριάδι

121 4121 259 4185 mundus
299 4119 362 4183 Dei
394 4120 467 4184 trini
504 4142 566 4185 una
593 4133 625 4185 et
652 4119 776 4185 ἔκτυπον
805 4133 838 4184 ct
869 4118 1025 4182 ἀντίτυπον
1054 4119 1207 4204 exhibet3
1229 4119 1330 4202 prius,

116 4313 375 4330 m

156 4404 182 4461 1)
200 4397 289 4450 Hebr.
311 4402 333 4449 1.
357 4400 463 4450 10—12.

155 4482 181 4550 ²)
201 4489 243 4541 cl.
263 4489 417 4551 Gregor
435 4489 516 4539 Nau.
536 4492 578 4540 Or.
598 4492 646 4539 34.
666 4486 737 4554 Opp.
756 4487 788 4537 Τ.
808 4487 832 4537 1.
852 4499 876 4537 o.
895 4485 946 4537 488
962 4485 1000 4537 D.

155 4572 182 4643 ³)
199 4576 401 4643 Angustia·
419 4583 461 4632 Ad
478 4580 552 4631 oras.
571 4592 597 4630 c.
613 4580 644 4629 8.
661 4593 688 4630 τι.
708 4580 758 4629 n.
776 4573 848 4644 opp.
866 4575 900 4630 Τ.
917 4577 945 4629 8.
963 4587 991 4632 a·
1007 4576 1058 4629 616
1074 4589 1117 4632 ss·
