2926 5168
1285 230 1307 294 5

102 374 232 439 lativa
252 396 363 441 rerum
375 379 593 443 revelatorum
611 399 649 443 ea
666 391 726 453 est,
750 399 811 465 qua
833 377 994 444 internam
1015 380 1129 444 harum
1149 376 1307 443 rationem

105 502 164 547 seu
186 482 414 549 necessitatem
435 495 640 569 perspectam
658 483 824 548 babemus.
847 483 974 548 Fides
997 495 1104 548 autem
1126 494 1178 548 est
1199 503 1310 547 assen-

106 609 174 668 sus,
196 608 290 672 quem
304 588 494 654 revelationi
512 590 615 664 datae,
638 600 671 653 et
692 589 829 678 singulis
845 588 1034 655 veritatibus
1057 611 1117 654 seu
1130 587 1309 663 sententiis,

106 691 144 753 ad
168 712 241 756 eam
261 694 503 778 pertinentibus,
528 695 569 759 ob
585 695 810 761 auctoritatem
831 695 893 759 Dei
915 695 1090 761 revelantis
1114 715 1157 760 ex
1178 696 1312 760 decreto

107 796 290 873 voluntatis,
312 800 497 865 reverentia
514 822 552 867 ac
571 823 683 866 amore
701 801 827 865 divinae
844 800 1031 866 veracitatis
1048 802 1146 877 ducti,
1169 811 1313 885 praesta·

107 925 186 967 mus.
208 904 306 968 Fides
327 907 434 994 itaque
456 929 530 973 eum
552 907 688 973 scientia
709 906 865 972 historica
887 928 946 972 seu
968 917 1104 972 externa
1126 905 1313 972 necessario

108 1010 280 1094 conjuncta
309 1023 377 1085 est,
406 1012 461 1076 vel
492 1012 601 1097 potius
628 1014 710 1078 banc
740 1012 892 1098 sequitur.
920 1011 1017 1077 Fides
1047 1010 1132 1076 enim
1161 1011 1252 1076 firma
1282 1020 1316 1075 et

109 1113 313 1193 inconcussa,
335 1138 417 1203 quae
438 1118 512 1182 Deo
534 1118 692 1183 revelanti
714 1119 870 1194 debetur,
892 1119 1110 1183 tantummodo
1141 1128 1217 1182 tunc
1245 1135 1315 1181 sen·

111 1220 229 1285 tentiae
254 1221 348 1286 alicui
382 1225 536 1309 praeberi
562 1224 688 1310 potest,
717 1225 841 1310 quando
874 1226 969 1289 modo
1003 1236 1093 1289 certo
1115 1242 1154 1287 ac
1176 1219 1318 1286 evidenti

112 1324 150 1389 de
174 1328 245 1410 ejus
273 1327 398 1416 origine
421 1328 528 1394 divina
550 1342 685 1394 constat.
708 1329 750 1395 Ut
776 1330 875 1417 igitur
897 1330 968 1416 quis
996 1327 1227 1394 rationabiliter
1249 1346 1318 1392 cre·

113 1432 182 1507 dat,
215 1444 247 1496 et
274 1434 406 1519 insuper
435 1434 511 1501 [idei
540 1457 619 1501 suae
645 1436 804 1500 rationem
840 1434 970 1500 cuilibet
992 1432 1159 1520 quaerenti
1180 1433 1319 1496 reddere

114 1551 217 1623 queat,
241 1540 347 1605 evicta
376 1541 452 1606 lacti
480 1542 688 1607 revelationis
711 1541 837 1608 divinae
856 1541 1013 1615 veritate,
1036 1550 1069 1605 et
1099 1550 1230 1604 ostensa
1258 1537 1320 1602 110-

115 1644 233 1709 clesiae
266 1645 452 1713 Catholicae
475 1649 687 1723 auctoritate,
712 1648 858 1736 singulas
888 1646 1078 1721 sententias,
1096 1646 1137 1709 ad
1168 1643 1321 1710 ambitum

54 1833 61 1839 ἡ
116 1749 278 1816 doctrinae
308 1754 472 1818 revelatae
491 1765 688 1839 spectantes,
720 1774 780 1819 ceu
801 1754 882 1819 tales
906 1752 976 1818 sive
1006 1773 1049 1817 ex
1070 1773 1128 1816 ore
1150 1749 1323 1816 Ecclesiae

116 1855 280 1930 docentis,
310 1857 381 1923 sive
409 1880 472 1923 una
494 1880 537 1924 ex
558 1858 699 1923 lontibus
717 1857 943 1935 revelationis,
972 1858 1056 1922 unde
1088 1856 1142 1921 illa
1172 1855 1243 1940 ipsa
1271 1855 1324 1918 do·

116 1961 252 2025 ctrinam
275 1982 366 2027 suam
386 1962 503 2037 haurit,
526 1964 674 2051 cognitas
696 1963 813 2027 habeat
834 1983 983 2027 necesse·
996 1975 1055 2027 est
1077 1963 1229 2027 Attamen
1250 1958 1327 2026 licet

116 2065 196 2129 lides
218 2086 291 2131 cum
314 2068 450 2133 seientia
481 2068 638 2133 historica
668 2068 857 2134 necessario
887 2070 1057 2153 conjuncta
1079 2066 1136 2132 sit:
1166 2066 1326 2150 haudqua-

117 2192 212 2256 quam
232 2184 405 2257 propterea
427 2174 488 2240 hac
510 2174 646 2240 scientia
669 2175 739 2239 sola
761 2173 948 2239 absolvitur.
976 2172 1018 2238 Ut
1040 2170 1176 2237 scientia
1203 2171 1267 2235 ista
1295 2169 1328 2233 iu

117 2274 215 2341 fidem
243 2278 356 2352 abeat,
386 2280 553 2354 voluntas,
584 2300 665 2366 quae
695 2279 748 2344 illa
779 2299 840 2364 pro
862 2277 952 2342 veris
975 2298 1035 2343 seu
1057 2276 1207 2342 divinitus
1236 2294 1329 2339 reve-

117 2381 190 2446 latis
218 2383 450 2471 cognovimus,
481 2385 577 2450 etiarn
607 2406 667 2471 pro
694 2384 786 2449 veris
820 2405 858 2448 ac
887 2382 1041 2448 revelatis
1069 2380 1257 2447 admittendi
1289 2379 1329 2444 ad

118 2488 255 2551 eandem
277 2491 434 2555 accedere
451 2490 555 2554 debet.
579 2490 724 2555 scientia
747 2488 831 2554 enim
846 2487 950 2554 omnis
968 2499 1019 2552 est
1034 2489 1190 2551 duntaxat
1210 2483 1330 2550 functio

114 2594 318 2668 intellectus,
351 2607 385 2660 et
413 2610 679 2684 argumentorum
701 2597 844 2680 pondere
876 2595 966 2682 quasi
989 2605 1220 2679 extorquetur,
1249 2590 1332 2655 lides

116 2709 228 2762 autern
250 2699 345 2764 simul
366 2713 459 2767 actus
483 2714 535 2766 est
555 2701 747 2775 voluntatis,
778 2713 872 2787 atque
896 2715 940 2765 ex
959 2697 1144 2763 reverentia
1167 2708 1201 2762 et
1223 2715 1332 2760 amore

116 2802 184 2867 Dei
203 2804 405 2871 veracissimi
416 2783 578 2881 'nascitun
601 2806 747 2892 quamvis
763 2806 845 2870 fides
862 2803 1029 2869 scientiam
1044 2801 1234 2868 historicam
1250 2822 1334 2865 sem·

115 2931 182 2994 per
203 2929 243 2974 ac
272 2908 461 2975 necessario
484 2924 707 2998 consequatur.
737 2911 979 2996 Quamprimum
1001 2908 1106 2985 enirn,
1139 2907 1335 2975 sententiam

117 3015 260 3099 aliquam
281 3035 361 3079 vere
385 3037 459 3080 esse
481 3018 678 3093 revelatam,
707 3015 975 3104 cognoverimus,
1004 3014 1091 3079 illam
1120 3032 1246 3098 quoque
1268 3022 1335 3076 tan·

117 3141 218 3208 quarn
240 3119 454 3187 certissimam
475 3123 539 3187 lide
570 3122 765 3188 inconcussa
787 3120 938 3207 amplecti
959 3117 1215 3206 obstringimur'3
1239 3136 1336 3182 secus

117 3223 209 3288 enim
240 3222 345 3308 ipsam
366 3226 601 3292 revelationem
622 3246 764 3314 negare,
798 3225 818 3289 1.
840 3245 868 3290 e.
889 3222 1130 3309 nobismetipsis
1153 3242 1337 3310 repugnare

118 3349 331 3418 cogeremur.

210 3435 303 3515 Quod
320 3436 361 3500 ad
375 3437 566 3502 relationem
583 3435 658 3502 lidei
672 3449 705 3500 et
722 3434 877 3502 scientiae
894 3433 1114 3518 speculativae
1138 3444 1172 3498 et
1191 3434 1337 3501 internae

116 3541 259 3609 attinet:
284 3541 449 3628 utriusque
463 3554 578 3606 natura
594 3542 780 3608 adcuratius
798 3559 953 3625 expensa,
970 3551 1058 3625 patet
1073 3552 1148 3604 ante
1163 3540 1279 3619 omnia,
1296 3541 1338 3609 li·

115 3651 216 3716 dem
240 3664 373 3733 aeque
394 3647 704 3712 rationabilem
726 3666 827 3711 esse
857 3665 905 3710 ac
933 3643 1339 3735 scientiamlltenipn

110 3753 209 3820 fides
238 3752 366 3838 quidem
396 3752 573 3817 sententias
601 3753 763 3816 revelatas
795 3749 949 3824 admittit,
971 3748 1050 3846 licet¹
1072 3749 1143 3816 illas
1165 3773 1229 3817 non
1252 3772 1338 3822 com·

109 3859 318 3943 prehendat,
340 3870 480 3923 attamen
502 3869 625 3923 tantum
646 3869 830 3943 propterea,
858 3855 1110 3942 quiasummam
1131 3840 1338 3942 Deiveraci·

107 3971 239 4039 tatem,
262 3962 518 4029 omniscientiam
540 3984 576 4028 ao
598 3961 798 4049 sapientiam,
820 3960 885 4026 falli
906 3960 1247 4057 fallerequenesciam
1268 3983 1338 4049 per·
1381 3951 1384 3958 ¹

106 4080 287 4160 aspectam,
311 4089 443 4155 eamque
474 4089 598 4139 summe
619 4068 837 4134 venerandam
867 4086 945 4163 esse
962 4072 1155 4161 persuasum
1177 4069 1284 4145 babet,
1307 4080 1341 4134 et

102 4169 202 4243 ideo
226 4168 467 4240 se'auetoriuti
491 4174 615 4239 divinae
638 4173 774 4260 subjicit,
798 4172 869 4259 quia
891 4169 989 4263 novit,
1013 4171 1119 4237 Deum
1139 4172 1266 4239 nonnisi
1288 4173 1340 4238 aba

105 4281 239 4348 solute
260 4300 374 4344 verum
404 4278 611 4346 manifestare
633 4301 749 4373 posse,
773 4291 806 4343 et
827 4277 1061 4362 subjectionem
1084 4276 1224 4344 odicium
1247 4301 1341 4344 suum

108 4403 209 4454 esse
240 4386 397 4473 agnoscit.
420 4387 513 4466 Quod
531 4383 710 4463 ¹manifeste
743 4385 889 4473 dignitati
904 4369 1049 4451 'naturae
1079 4393 1212 4451 nostrae
1244 4384 1340 4455 ratio·

108 4491 215 4580 nalis
250 4480 542 4580 haud'repuguat,
573 4492 631 4557 sed
647 4512 756 4579 ,quam
792 4490 933 4579 maxime
963 4491 1123 4559 convenit.
1160 4491 1245 4557 Nam
1277 4487 1341 4555 lide

110 4588 229 4685 homo
253 4617 454 4685 nequaquam
473 4596 547 4663 1111
574 4596 709 4665 rationis
730 4596 911 4677 renuntiat,
943 4599 1003 4664 sed
1024 4608 1146 4665 tantum
1174 4592 1341 4685 praepedi-
