2926 5168
134 173 197 242 alo

129 334 169 388 to
187 336 325 408 scopis
346 351 416 397 ros
437 331 627 395 modicae
652 329 769 407 fidei
799 337 837 407 1).
868 329 1074 415 Quapropter
1100 347 1162 393 uos
1189 333 1338 397 admonet

129 431 154 498 P
168 444 230 498 etr
240 454 308 502 us:
332 437 463 501 Omnem
478 438 722 501 soatettudtmm
736 447 877 499 vestram
885 439 1093 517 projicientes
1108 442 1142 499 io
1157 455 1244 519 eam,
1266 459 1337 521 pao·

132 544 219 602 niam
240 546 325 619 ipsi
346 551 412 605 est
431 565 534 605 euro
555 550 601 604 de
622 544 743 604 robis
765 549 804 617 2).
827 540 1034 626 AtqueDeus
1050 551 1112 613 est,
1135 541 1227 607 utait
1248 543 1337 607 Pau-

136 642 218 718 lus,
250 651 319 729 pai
344 655 546 729 praestat
587 651 707 710 mobis
742 654 875 711 omnia
905 648 1159 713 abundead
1189 651 1336 723 fruen-

134 759 220 813 dam
241 759 281 828 ³).
303 751 363 817 Et:
390 754 453 831 Oai
463 761 495 817 ia
506 757 692 835 praeteritis
707 754 966 831 generationibus
983 771 1048 815 aon
1065 755 1138 815 siae
1162 758 1338 819 testimonio

128 862 331 937 semetipsam
346 861 478 941 reliquit
496 862 775 933 benefaciens
796 861 844 921 de
864 863 999 931 coeio,
1023 858 1129 918 dans
1148 861 1336 939 pirarios,

127 970 170 1024 et
188 975 376 1043 tempora
392 964 852 1044 fructifera,impiene
870 964 973 1043 cillo,
995 969 1037 1025 et
1055 965 1337 1031 loetitiaeor-

125 1068 176 1130 da
198 1076 354 1133 nostre
374 1067 411 1152 ⁴).

207 1192 235 1238 c.
257 1174 406 1238 Tandem
424 1173 532 1239 Deum
549 1192 625 1237 csse
643 1170 826 1252 speciatim,
850 1169 1105 1257 qoinobisvires
1120 1174 1336 1250 necessarias,

124 1298 182 1362 por
201 1280 327 1364 culpam
345 1279 478 1367 generis
487 1277 617 1342 humani
631 1275 824 1352 imminutas,
835 1278 942 1352 addat,
975 1277 1207 1363 quibusollicio
1223 1293 1336 1346 nostro

126 1383 376 1466 satisfaciamus,
388 1385 589 1468 salutemque
598 1402 840 1468 consequamur.
852 1384 955 1447 Nemo
968 1387 1062 1459 euim,
1074 1382 1119 1447 ait
1129 1383 1182 1448 ch
1191 1385 1227 1449 ri
1237 1409 1253 1449 s
1262 1397 1275 1450 t
1283 1410 1302 1451 u
1311 1410 1336 1461 s,

117 1498 224 1569 potest
254 1495 363 1554 renim
398 1498 442 1553 art
477 1511 542 1564 me,
564 1493 628 1552 uisi
674 1495 810 1560 Pater,
834 1493 889 1572 pai
920 1493 1006 1551 misit
1047 1509 1120 1572 me,
1143 1496 1338 1555 truserat

7 1673 12 1683 x
121 1616 172 1658 eu
182 1619 212 1658 m
236 1604 275 1673 ⁵).
297 1595 342 1659 Et
361 1593 462 1658 Paul
472 1615 538 1659 us:
561 1596 738 1667 Fiduciam
756 1601 862 1657 autem
875 1595 970 1655 talem
985 1595 1139 1657 liniemus
1158 1618 1222 1673 per
1240 1598 1335 1660 Olari-

122 1707 206 1762 stam
224 1702 268 1762 ad
280 1702 383 1762 Deam
403 1706 480 1777 (seu
497 1700 581 1763 hauc
599 1697 844 1784 persuasionem
870 1697 997 1762 ratione
1024 1697 1085 1762 Dei
1113 1699 1221 1765 habita
1250 1701 1333 1765 nacti

124 1804 264 1888 sumusl:
288 1825 352 1868 non
369 1813 455 1888 quod
461 1807 658 1887 sufficientes
673 1811 776 1867 simus
790 1807 931 1882 sapuere
945 1807 1069 1887 aliquid
1083 1806 1222 1886 anobis,
1245 1812 1336 1889 pansi

124 1932 166 1972 ea
184 1913 296 1992 notam·
316 1913 376 1973 sed
394 1913 692 1990 sufficieutia
713 1916 940 1973 averroes
962 1911 1047 1971 Deo
1069 1917 1137 1972 est
1162 1909 1199 1994 ὅ).
1231 1912 1333 1996 Atque

121 2034 253 2079 rursus:
276 2016 544 2094 Deuseaimest,
566 2019 636 2097 qai
657 2021 866 2096 operatur
886 2017 930 2076 in
949 2016 1071 2087 vobis.
1094 2026 1135 2078 et
1157 2017 1275 2090 velie,
1296 2025 1334 2078 et

119 2125 353 2198 perficere
371 2143 431 2200 pro
453 2123 535 2184 bono
551 2128 711 2183 voluntate
734 2127 772 2197 7).

244 2223 284 2289 Β.
306 2224 355 2289 lla
378 2236 565 2311 estquoquo
589 2227 650 2290 SS.
673 2225 846 2289 Patrum
869 2235 964 2309 atqua
985 2221 1216 2289 Ecclesiae
1239 2224 1330 2289 omni·

124 2351 176 2392 um
189 2331 397 2394 sacculorum
417 2330 572 2395 doctrina.
605 2331 668 2394 SS.
697 2328 855 2395 Patres
887 2327 972 2392 onim
995 2325 1134 2391 unanimi
1173 2349 1330 2394 consensu

121 2447 302 2522 agnoscunt
318 2447 352 2500 et
365 2436 661 2510 tradunt‚naturam
676 2431 937 2505 conservatione,
960 2430 1006 2494 uti
1021 2433 1208 2509 creatione,
1232 2434 1329 2500 divina

122 2551 155 2603 ct
172 2539 330 2626 indigere,
349 2551 382 2603 et
401 2540 548 2623 ejusdem
570 2558 689 2603 revera
723 2536 914 2621 participem
933 2555 1017 2601 esse.
1040 2539 1265 2622 Sciamuspue,
1292 2537 1330 2602 ait

121 2644 427 2727 Hieronymus,
450 2667 511 2708 uos
530 2647 613 2709 aiiii
628 2666 711 2718 esse,
734 2648 817 2723 nisi,
850 2643 937 2735 quod
972 2644 1115 2716 donarit,
1142 2649 1186 2707 iu
1216 2650 1328 2708 asiis

122 2757 212 2830 ipse
234 2754 538 2813 serraverii-
555 2751 933 2812 Veiieeteurreremema
950 2755 1019 2827 esi;
1040 2752 1215 2830 seriipsum
1224 2771 1327 2823 meam,

120 2860 192 2918 siae
211 2857 294 2918 Dei
315 2876 477 2936 semper
499 2860 664 2919 auritio
684 2874 749 2918 moa
769 2861 956 2918 eritmeum.
978 2854 1066 2916 Dicit
1077 2855 1327 2937 enimidemApo·

119 2963 239 3023 stolas:
260 2962 376 3040 „ilem
391 2972 461 3042 est,
485 2967 539 3043 qui
556 2968 705 3040 operatur
721 2966 755 3022 ia
773 2961 864 3022 nobis
880 2967 913 3021 ei
933 2961 1015 3022 velie
1029 2968 1061 3022 et
1080 2964 1283 3043 perficere“,·
1303 2967 1328 3022 el

121 3073 319 3129 Saloutaria
336 3067 532 3144 Euarepeiio:
553 3068 675 3140 „Peter
689 3086 779 3127 meus
796 3084 900 3144 uspue
917 3065 1008 3129 modo
1032 3072 1201 3144 operatur,
1225 3073 1258 3128 et
1276 3087 1327 3143 epo

121 3183 267 3250 operor.“
288 3178 459 3250 Semper
480 3173 679 3250 imitor,
701 3190 945 3250 semperque
965 3171 1145 3235 domator
1167 3181 1239 3234 est.
1261 3171 1326 3234 Noa

123 3279 200 3339 anilii
218 3276 554 3360 suffieit,quodsemel
573 3284 709 3351 donarii,
731 3280 796 3338 nisi
816 3296 985 3354 semper
1006 3275 1325 3359 atoneserwp-

122 3381 376 3470 Gregorius
398 3382 430 3446 N
437 3403 493 3446 aa.
518 3382 665 3459 Quonam
688 3384 780 3446 modo
808 3384 960 3444 universa
992 3383 1071 3443 aare
1107 3402 1217 3446 rerum
1235 3382 1326 3445 moles

108 3490 173 3551 eei
182 3491 340 3568 producta
359 3509 500 3569 anquam
514 3492 656 3568 fuisset,
679 3491 730 3549 oei
744 3489 951 3566 consisteret,
972 3491 1036 3550 nisi
1059 3495 1150 3550 Deus
1170 3488 1275 3552 enema
1295 3489 1325 3545 in

120 3614 228 3656 rerum
266 3604 418 3657 naturam
451 3595 658 3673 protulisset,
690 3599 785 3675 atque
833 3599 1038 3654 conservaret
1062 3591 1102 3674 ⁹).
1133 3626 1174 3641 -
1203 3592 1324 3675 Augu·

121 3697 276 3762 stinus:
298 3703 351 3762 Sic
366 3701 553 3774 credemus,
576 3709 633 3762 aut
651 3704 682 3763 si
690 3717 866 3778 possumus
872 3742 886 3780 ,
909 3702 1005 3762 etiem
1024 3698 1260 3779 inteilipamas,
1280 3715 1324 3758 as·

157 3872 180 3929 ι)
198 3869 300 3920 maiia.
318 3872 344 3933 o,
362 3871 473 3922 es-so.

155 3952 412 4022 &mmmmm

155 4039 179 4110 ³)
199 4050 222 4098 ι.
241 4048 313 4100 urm.
331 4050 357 4108 o,
384 4051 426 4101 rr.

155 4133 181 4198 ⁴)
199 4138 260 4187 Act.
280 4139 321 4196 lu,
340 4139 450 4191 itt-la.
468 4137 513 4192 Gi·
534 4138 574 4198 17,
592 4138 634 4187 25.

155 4220 179 4287 5)
199 4225 281 4276 Joan.
299 4228 325 4286 6.
345 4227 385 4278 ll.

156 4310 179 4382 ᾗ)
197 4320 222 4369 2.
242 4317 306 4368 Cor.
325 4320 351 4378 3,
375 4318 450 4368 lt-t.

156 4403 180 4466 7)
198 4405 321 4471 Philipp,
339 4407 365 4457 2·
386 4406 427 4456 13·

156 4490 180 4560 8)
198 4499 284 4554 Epist.
307 4497 646 4552 manummerias.
672 4495 738 4560 (ipp-
758 4494 791 4546 Τ.
812 4495 836 4545 l.
855 4506 880 4547 c.
901 4496 976 4552 1033,

156 4582 182 4662 9)
202 4587 277 4639 arat.
296 4587 345 4648 34.
364 4583 433 4661 Opp.
453 4587 478 4637 l.
497 4597 521 4637 o.
540 4584 600 4642 litt.
619 4583 650 4640 c.
