2926 5168
197 189 258 251 1⁰2

195 347 234 400 de
250 360 296 410 eo,
312 337 399 419 qnod
410 340 584 419 quaeritur,
601 357 660 415 per
680 341 949 401 ratiocinationem
963 347 1091 415 iactum,
1102 343 1284 425 conjecturo
1304 365 1400 404 asse.

194 449 268 504 cutu
297 450 363 515 eet,
389 445 507 521 partim
534 462 608 503 vero
637 462 680 504 ec
706 464 742 505 eo
753 487 765 521 ,
798 445 885 527 quod
907 453 1045 527 nequeat
1070 450 1171 527 iprum
1199 455 1399 529 perspicere,

194 551 422 630 quodammodo
450 551 601 623 coqnooit,
630 554 717 610 vetut
735 554 938 628 coquitionem
967 551 1163 631 evidentem,
1191 555 1278 636 quod
1303 573 1402 633 super

195 673 314 715 omnem
329 657 494 714 scientiam
511 658 562 725 sit,
581 654 617 713 id
633 653 717 734 quod
733 658 909 736 quaeritur,
931 662 1077 719 statuane
1099 657 1142 738 ¹).
1165 693 1203 706 -
1227 656 1401 722 Tertul-

196 755 354 820 lianus:
375 764 466 820 Haec
484 764 534 819 est
557 778 681 820 summo
705 760 812 820 delicti
829 760 1002 823 antemium
1015 782 1260 841 recoqnoseere,
1281 782 1403 845 quem

194 867 394 942 iqnorure
415 883 495 924 non
515 859 796 946 potionatus
813 862 945 927 iterum:
969 866 1129 946 Maqietra
1145 872 1402 941 undernanima

193 970 356 1048 discipula.
380 966 544 1049 Quidquid
559 977 615 1029 aut
631 968 688 1028 iiio
704 969 837 1042 edocuit,
855 977 911 1031 aut
923 973 986 1032 ieta
999 973 1177 1047 perdidicit,
1199 993 1221 1032 u
1238 973 1309 1035 Deo
1328 978 1400 1034 tra·

193 1075 290 1136 ditum
311 1079 375 1144 eet,
406 1076 558 1150 maqistro
585 1077 709 1135 scilicet
735 1077 835 1153 ipsim
861 1080 1033 1153 maqietrue
1058 1075 1096 1159 ³).
1123 1113 1164 1123 -
1192 1075 1399 1160 Hierony·

193 1198 279 1240 mus
308 1176 409 1240 verba
438 1175 509 1239 itta:
537 1177 640 1252 „Luc
664 1198 759 1258 aera,
791 1199 873 1260 quae
903 1181 1062 1244 illuminat
1089 1202 1210 1244 ornnem
1240 1186 1399 1245 ioannem

192 1289 366 1346 uenientem
388 1283 528 1344 inleunc
548 1284 741 1362 mundum“,
774 1295 1011 1347 commentans:
1033 1293 1091 1348 Ee
1111 1308 1172 1369 quo
1194 1294 1399 1368 perspicuum
1450 1274 1452 1278 Α

188 1392 237 1468 pit,
260 1394 414 1450 nutura
435 1389 629 1450 omnibus
650 1391 790 1449 inesse
810 1390 885 1451 Dei
906 1394 1107 1465 notitiam,
1129 1412 1399 1474 nec-quemquern

191 1499 262 1556 sine
290 1493 417 1556 Christo
441 1496 534 1554 nasci
544 1537 556 1572 ,
586 1503 618 1555 et
638 1512 701 1554 uon
728 1495 846 1556 tendere
873 1497 998 1556 semina
1022 1502 1055 1557 in
1075 1517 1112 1557 se
1136 1501 1335 1577 sapientiae,
1370 1505 1401 1560 et

187 1603 329 1677 justitiae
344 1605 601 1680 reliquarumque
616 1602 766 1660 virtutum
782 1597 820 1680 4).
844 1633 880 1645 -
897 1598 1174 1685 Augustinus:
1200 1605 1261 1675 Qui
1276 1599 1398 1685 (Deus)

191 1707 306 1785 ubique
321 1710 464 1765 secretus
483 1711 543 1783 est,
566 1705 715 1786 ubique
729 1705 946 1784 publicue;
967 1726 1059 1786 quem
1079 1707 1159 1768 nulli
1177 1706 1266 1781 iicet,
1287 1713 1327 1768 nt
1340 1719 1399 1779 eet,

192 1830 402 1889 eoquoscere,
433 1816 465 1869 et
489 1829 600 1891 quern
626 1828 736 1870 nemo
763 1813 1028 1888 permittitur
1060 1817 1259 1888 iquornre
1292 1815 1331 1889 ⁵).
1362 1846 1398 1858 -

193 1912 434 2001 Gregorius
455 1912 499 1976 M.
520 1914 570 1974 De
590 1935 626 1974 oe
647 1915 806 1993 conditor,
825 1933 883 1993 per
905 1916 991 1996 qnod
1008 1922 1144 1994 amemr,
1166 1916 1320 1997 ostendit,·
1342 1924 1400 1979 ced

192 2024 323 2084 visionis
344 2040 423 2081 suae
443 2022 576 2098 specim
598 2021 775 2081 umentibus
797 2023 960 2081 subtrahit.
983 2019 1087 2082 Sota
1108 2040 1202 2098 erqo
1223 2024 1314 2100 ejus
1336 2041 1399 2083 ae-

191 2129 326 2203 stiqia
347 2128 653 2204 conspicientes
672 2126 858 2205 prodimur,
883 2128 937 2206 qui
957 2127 1042 2186 ituree
1060 2144 1120 2203 per
1141 2125 1296 2187 donorum
1319 2146 1397 2188 suo-

191 2252 264 2293 rum
284 2235 380 2308 siqua
400 2234 573 2311 sequimur,
597 2247 688 2309 quem
708 2231 842 2292 necdum
864 2232 1015 2292 uidemus,
1047 2264 1088 2277 -
1121 2231 1161 2291 In
1181 2231 1399 2293 retributionis

192 2337 327 2398 cuimine
347 2339 482 2414 reperiri
512 2337 705 2413 omnipotens
730 2355 789 2413 per
819 2338 1089 2414 contemplationis
1105 2338 1258 2413 ‘speeiem
1285 2341 1398 2415 potest,

190 2444 250 2504 sed
268 2453 372 2503 tamen
395 2443 439 2502 ad
453 2444 632 2520 perfectum
659 2459 725 2501 non
751 2445 875 2518 potest:
906 2445 981 2518 quia
1009 2443 1071 2501 etsi
1091 2442 1176 2501 dunc
1196 2443 1232 2501 in
1253 2444 1399 2502 claritate

191 2567 254 2607 suu
279 2548 470 2627 quandoque
500 2547 711 2622 conspicimus
720 2588 732 2623 ,
767 2563 832 2604 uon
861 2549 965 2605 tumen
995 2547 1065 2622 eius
1105 2548 1276 2607 essentiam
1306 2552 1398 2624 piene

192 2659 375 2713 contuemur
397 2647 436 2732 ⁶).
459 2647 504 2710 Et
526 2646 573 2711 sic
596 2645 649 2710 atii
672 2647 707 2731 ⁷).

276 2773 302 2817 c.
324 2753 372 2816 lta
394 2771 519 2837 quoque
541 2751 705 2840 Theologi
728 2750 924 2827 scholastici,
946 2762 982 2814 ut
1004 2749 1065 2815 ntia
1081 2751 1254 2817 occasione
1272 2753 1399 2819 demon·

192 2858 377 2932 stravimus,
400 2856 588 2920 sentiebant.

277 2967 305 3028 d.
329 2961 460 3027 Nostris
477 2973 584 3025 autem
601 2963 714 3025 diebus
726 2959 957 3048 Gregorius
977 2961 1066 3026 xvt.
1084 2983 1147 3026 non
1167 2973 1291 3026 tantum
1305 2961 1402 3029 Bau·

193 3068 366 3135 tainium
388 3068 427 3130 ad
453 3066 720 3131 subscribendum
739 3065 840 3141 thesi,
870 3065 929 3129 sibi
947 3066 986 3130 ab
1008 3066 1173 3152 Episcopo
1200 3068 1404 3152 propositae,

193 3175 350 3240 rationem
374 3171 580 3236 existentiam
598 3171 678 3246 Dei,
702 3172 834 3255 ejusque
861 3170 1078 3254 perfectiones
1108 3191 1181 3235 eum
1209 3172 1403 3239 certitudine

195 3284 425 3346 demonstrare
443 3297 562 3362 posse,
585 3275 706 3362 adegit,
730 3277 789 3339 sed
808 3288 841 3341 et
858 3275 978 3361 scripta
998 3275 1213 3342 Hermesii
1236 3276 1323 3345 inter
1341 3280 1401 3345 alia

193 3399 368 3473 propterea
397 3382 634 3463 condemnavit,
657 3384 740 3468 quod
764 3381 817 3446 hic
838 3383 1088 3462 argumenta,ad
1110 3381 1320 3449 existentiam
1342 3385 1402 3449 Dei

194 3491 339 3559 adhiberi
369 3489 463 3554 solita
491 3487 727 3573 repudiaverit,
758 3499 790 3551 et
820 3498 988 3570 praeterea
1018 3487 1218 3572 asseruerit,
1240 3489 1401 3556 rationem

198 3639 450 3655 ιω

229 3706 252 3767 ῐ)
272 3709 348 3757 Cant.
365 3704 481 3753 Ennom.
499 3703 519 3749 l.
536 3701 584 3748 rt.
604 3696 673 3761 0pp.
689 3693 731 3745 ed.
746 3693 809 3746 Par.
828 3694 904 3745 1638.
919 3692 951 3745 T.
966 3695 992 3747 2.
1008 3707 1035 3759 p.
1052 3696 1109 3748 755.
1130 3695 1167 3747 D.

229 3788 253 3860 ²)
271 3799 382 3853 Apolop.
402 3807 428 3842 n.
448 3792 497 3840 17.
516 3786 586 3852 Opp.
605 3786 640 3837 V.
660 3788 682 3838 1.
701 3798 728 3849 p.
747 3785 791 3835 te.

228 3875 252 3950 ³)
272 3888 313 3934 De
332 3884 428 3932 testim.
447 3880 531 3930 anim.
549 3893 576 3928 n.
595 3880 624 3926 5.
643 3875 713 3939 Opp.
732 3874 765 3924 V.
785 3875 809 3924 l.
828 3886 855 3937 p.
876 3875 935 3924 126.

229 3971 253 4040 ’1)
274 3975 372 4024 Comus.
392 3976 421 4021 in
438 3971 489 4026 tto.
510 3971 555 4018 ad.
572 3968 635 4017 Gal.
656 3970 683 4025 1,
704 3968 751 4016 16.
772 3963 841 4028 0pp.
861 3964 896 4014 T.
913 3965 940 4028 t,
958 3976 981 4014 e.
999 3964 1059 4014 301.

230 4059 255 4126 ⁵)
273 4064 373 4113 Ennrr.
390 4062 475 4110 inPe.
494 4060 540 4108 14.
561 4073 586 4108 a.
605 4060 630 4105 9.
650 4053 718 4119 Opp.
734 4054 767 4105 T.
786 4051 809 4104 ῑ1.
830 4065 852 4102 e.
871 4053 931 4103 788.
949 4051 992 4103 Cf.
1009 4054 1048 4103 ln.
1067 4055 1156 4103 rae.
1175 4067 1200 4104 11.
1219 4053 1248 4104 8.
1270 4066 1296 4106 11.
1315 4056 1356 4107 16.
1374 4056 1404 4105 la
1429 4057 1453 4092 ³

197 4160 242 4205 Pe.
260 4157 309 4204 41.
323 4167 349 4201 n.
365 4153 392 4201 7.
406 4164 442 4198 se.
461 4160 484 4197 e.
500 4148 559 4197 ³57.
576 4160 618 4200 ss.
637 4147 668 4196 tn
681 4146 764 4197 Joon.
779 4145 821 4195 Tr.
839 4146 907 4194 106.
924 4159 952 4194 n.
968 4145 998 4195 4.
1015 4142 1045 4192 T.
1063 4144 1087 4192 3.
1100 4143 1133 4194 Ρ.
1149 4144 1175 4194 2.
1191 4155 1217 4195 e.
1232 4145 1293 4199 766.

230 4239 255 4306 ⁶)
274 4243 370 4293 Morot.
392 4244 409 4290 t.
431 4243 480 4292 10.
497 4255 522 4289 c.
541 4239 569 4288 8.
589 4235 660 4300 Opp.
677 4234 712 4285 T.
727 4234 750 4283 t.
767 4245 792 4282 c.
808 4231 868 4283 315.

232 4330 255 4397 ⁷)
274 4328 413 4381 Justtn.
432 4329 471 4378 M.
489 4328 652 4386 apolonii.
671 4340 697 4375 n.
718 4327 745 4374 6.
764 4323 898 4386 1190.-
927 4319 1078 4383 Gregor.
1098 4322 1182 4374 Nan.
1201 4324 1244 4372 ur.
1264 4326 1316 4375 21.
1335 4321 1401 4390 opp.
1444 4347 1453 4357 ·

200 4424 275 4472 T.t.
298 4406 1402 4472 (13811.0134.ο.076ε.-1οείι.1)εωειεοεῐι.1111111.1111.ι,1,
1442 4435 1453 4447 .

201 4529 225 4562 c.
246 4516 273 4561 1.
292 4509 360 4577 0pp.
379 4511 410 4561 T.
431 4511 456 4560 l.
475 4522 502 4573 p.
523 4508 581 4558 123.
601 4507 687 4554 1).-
706 4501 873 4566 cyprian.
896 4500 1050 4551 Deidctor.
1075 4503 1158 4553 vonit.
1177 4518 1204 4553 a.
1224 4504 1252 4553 5.
1283 4501 1352 4568 opp.
1369 4500 1400 4551 V.
1443 4523 1453 4535 -

200 4603 226 4653 2.
245 4615 272 4668 p.
293 4602 351 4650 100.
369 4626 400 4636 -
419 4596 553 4648 arnob.
573 4597 648 4647 Cant.
667 4595 778 4644 Genti.
798 4596 824 4644 1.
841 4606 866 4641 n.
885 4592 1011 4641 deest.
1030 4594 1101 4644 2.11.
1121 4594 1149 4642 2.
1167 4603 1197 4656 p.
1214 4591 1258 4642 20.
1275 4591 1320 4643 06.
