2926 5168
165 206 227 283 nt

162 382 342 433 veneremur
365 382 397 432 et
414 371 597 453 diligamns,
619 386 710 455 atque
730 394 797 437 eum
826 378 972 441 imitando
999 382 1058 458 ipsi
1075 399 1184 461 sapere
1206 383 1377 447 diaconum.

162 474 246 550 Quod
265 487 297 536 nt
313 480 400 537 nobis
418 480 549 567 feliciter
565 481 727 550 succedat,

244 606 270 646 c.
292 574 324 644 ut
338 587 516 662 sapientium
534 606 551 645 a
566 589 652 654 Deo,
674 587 740 661 ejus
762 588 861 656 fonte,
884 591 1025 665 precibus
1047 594 1226 657 ardentibus
1251 600 1397 677 affugi-

162 702 272 754 remus.

490 877 516 961 t.
538 874 606 948 18.
629 879 850 949 voluntas
872 877 1042 953 divina.

239 1047 416 1132 Postquam
432 1044 471 1109 de
489 1046 652 1112 intellectu
675 1046 782 1111 divino
811 1048 1041 1114 disseruimus:
1064 1062 1185 1129 restat,
1217 1067 1253 1119 ut
1272 1059 1457 1122 modim

156 1153 196 1215 de
213 1152 316 1216 altera
329 1150 462 1236 spiritus
476 1149 589 1215 inlinlti
606 1150 705 1215 veluti
719 1164 828 1236 parte,
852 1154 891 1216 de
907 1152 1013 1219 divina
1023 1156 1199 1234 voluntate,
1210 1159 1390 1226 dicamus-
1441 1204 1460 1226 ..

238 1255 336 1321 Venit
350 1268 456 1321 autem
472 1256 601 1320 nomine
619 1280 640 1320 v
651 1257 860 1320 oluntatis
876 1258 1057 1344 generatim
1073 1260 1209 1328 facultas
1229 1262 1462 1349 spiritura

154 1361 325 1447 appetendi
335 1362 453 1425 bonum
463 1359 676 1426 etaversandi
695 1361 822 1436 malum,
840 1362 879 1426 ab
894 1362 1056 1428 intellectu
1071 1366 1226 1453 agnitum.
1237 1366 1415 1447 Quodsi
1448 1390 1462 1432 t

147 1478 261 1533 <umen
276 1467 316 1529 de
331 1465 497 1530 voluntate
518 1465 550 1529 in
566 1466 638 1529 Deo
647 1464 820 1550 loquimur:
843 1465 936 1530 facile
954 1479 1060 1551 patet,
1084 1490 1187 1555 neque
1212 1467 1269 1538 liic
1297 1494 1461 1538 ser—-

152 1592 280 1639 monem
302 1591 379 1635 esse
403 1591 502 1655 posse
524 1572 563 1634 de
582 1570 744 1647 facultate,
768 1592 827 1635 seu
845 1572 928 1634 unda
952 1571 1461 1655 porentia,ineremenrunt-1r

152 1689 183 1740 et
201 1676 442 1739 decrementum
460 1674 660 1750 admittente,
684 1685 717 1738 et
735 1694 807 1738 cum
820 1674 903 1748 nisu,
918 1675 1170 1744 imbecillitatem
1190 1695 1390 1771 arguente²
1418 1708 1459 1757 ε,

151 1781 331 1865 conjuncta,
353 1798 457 1865 neque
476 1781 516 1843 de
536 1789 611 1843 actu
631 1776 813 1862 multiplici,
836 1779 897 1843 sibi
914 1784 1108 1848 succedente
1125 1796 1221 1871 atque
1237 1798 1420 1877 tempo-
1448 1823 1457 1835 ·

153 1887 199 1951 ris
217 1882 367 1950 limitibus
386 1885 548 1969 obnoxi03
571 1885 630 1948 sed
649 1906 724 1948 esse
742 1882 849 1968 potius
872 1891 1142 1954 voluntatem
1176 1892 1456 1961 divinant-n

150 1991 227 2055 vim
251 1988 474 2065 infinitam,
497 2010 556 2053 seu
577 2001 717 2055 actum
741 1987 1127 2072 simplicissimum,
1150 2016 1224 2080 quo
1247 1998 1455 2065 Dan&

149 2094 321 2161 ratione
342 2092 665 2180 perfectissima
687 2094 839 2157 bouum
862 2109 1062 2180 appetat,
1085 2100 1235 2165 malum
1257 2120 1454 2169 verm

148 2213 399 2285 aversetur;
431 2207 484 2266 vel
527 2222 631 2265 esse
669 2199 955 2265 substantiam
985 2200 1189 2279 divinam,
1231 2216 1453 2291 prou-*t

148 2310 384 2375 secundum
429 2305 803 2394 sapientissimam
836 2305 1131 2393 cognitionem
1176 2323 1451 2377 actuosffl

146 2414 376 2505 cogitatur.
417 2412 576 2477 Voluntas
616 2411 721 2475 divina
751 2410 857 2496 itaque
892 2411 977 2476 idem
1007 2424 1060 2476 est
1097 2434 1136 2478 ac
1166 2415 1447 2482 snbstantiffl

146 2519 273 2601 divina,
296 2530 392 2605 atque
407 2516 492 2581 idem
511 2538 549 2581 ac
570 2516 753 2581 intellectus
771 2514 914 2590 divinus,
937 2536 956 2579 a
978 2538 1041 2602 qno
1067 2517 1195 2582 nonnisi
1212 2518 1446 2587 turmali—-

146 2638 215 2703 ter,
238 2635 274 2689 ut
289 2625 396 2709 ajunt,
429 2621 624 2687 discernitur
647 2630 692 2698 1);
717 2632 750 2684 et
772 2620 845 2684 ideo
864 2642 989 2707 quoque
1016 2633 1085 2696 est,
1114 2633 1149 2685 ut
1175 2624 1444 2691 substanti&

146 2730 271 2806 divina,
295 2725 645 2813 simplicissima,
667 2725 964 2803 immutabilis,
986 2738 1170 2802 aeterna,
1193 2726 1442 2796 immen--·

146 2856 214 2911 sa,
237 2846 350 2921 atque,
373 2845 408 2897 ut
424 2829 635 2921 intelligentia
654 2831 782 2906 divina,
805 2831 1138 2915 sapientissima
1159 2848 1206 2897 ac
1228 2835 1404 2899 veris-—
1430 2863 1439 2875 ·

145 2941 269 3013 sime;
292 2938 337 3002 ita
358 2949 394 3001 ut
423 2957 539 3001 omne
569 2936 718 3000 bonum
750 2944 877 3020 atque
907 2956 1021 2999 omne
1054 2936 1219 3011 malum,
1243 2940 1437 3023 ejus-‘-

143 3047 232 3109 dem
262 3040 396 3106 indoli
424 3038 759 3113 convenienter,
787 3036 807 3101 i.
834 3057 862 3102 e.
895 3049 1012 3103 exacte
1040 3040 1437 3127 perpetranssent

142 3147 301 3225 malitiae,
332 3167 425 3232 quam
458 3142 622 3230 possidet,
652 3144 753 3230 gradu
785 3129 954 3229 ditt'gar,
977 3155 1102 3230 atque
1124 3156 1438 3211 aversetufl

143 3249 511 3319 constantissime.

225 3359 307 3424 Dari
322 3357 355 3424 in
370 3356 442 3422 Deo
456 3356 655 3421 voluntatem
663 3401 676 3436 ,
700 3372 834 3439 eamque
850 3340 1143 3439 perfectissimam,
1165 3368 1313 3424 constat:

225 3467 262 3531 Α.
285 3484 329 3529 ex
350 3459 531 3527 manifestis
547 3459 583 3522 S.
608 3456 870 3543 scripturae
891 3455 1097 3525 testimoniis.
1119 3459 1250 3527 [locent
1267 3462 1446 3528 euius!¹

141 3572 204 3637 SS.
231 3570 377 3635 Litterae
403 3566 527 3641 omnia,
549 3583 757 3650 quaecunque
782 3574 877 3627 extra
901 3561 1008 3626 Deum
1036 3563 1199 3641 existunt,
1224 3586 1270 3631 ex
1297 3590 1395 3632 vo*
1411 3572 1451 3609 ⁴·

139 3679 262 3743 luntote
285 3675 348 3740 Dei
365 3673 450 3738 facta
467 3691 544 3736 esse
563 3681 596 3733 et
610 3669 692 3741 lieri,
715 3680 810 3754 atque
826 3667 889 3732 Dei
904 3668 1101 3733 voluntatem
1119 3690 1217 3748 esse,
1239 3682 1276 3736 ut
1291 3684 1420 3736 noa
1437 3671 1458 3711 ‘³

140 3785 258 3850 bouum
280 3792 457 3856 sectemur,
480 3774 659 3863 malumque
683 3774 831 3839 vitemus.
856 3773 913 3838 stc
934 3773 1054 3860 legitur
1072 3774 1104 3838 in
1137 3774 1363 3842 Psalmis:
1416 3778 1454 3819 Ι

138 3892 229 3953 Deos
263 3898 371 3951 mitem
390 3895 499 3948 noster
520 3887 555 3945 in
582 3883 687 3945 coelo:
717 3888 841 3962 omntu,
871 3900 1083 3963 quaeeunque
1110 3881 1263 3956 voluit,
1290 3888 1426 3965 [μ

138 4000 182 4058 ait
207 3992 245 4078 ²).
277 3990 370 4074 Apud
392 3985 558 4050 isaiam:
583 3984 809 4048 Consilium
830 4005 955 4047 merem
977 3990 1086 4067 stabit,
1109 3993 1142 4048 et
1160 3992 1264 4050 omnis
1286 4008 1407 4051 rer
1441 3993 1460 4016 “

138 4103 280 4162 tuntas
302 4116 373 4157 anea
400 4097 455 4173 siet
476 4096 512 4171 ³).
540 4090 577 4153 ln
607 4089 879 4154 Proverbiis:
909 4092 1034 4153 Multae
1070 4098 1279 4170 replicationes
1314 4098 1420 4155 ἐκ*
1459 4103 1463 4112 “

137 4265 412 4283 m

173 4330 197 4397 ¹)
216 4324 532 4383 (interituris.
552 4328 592 4375 tte
608 4330 678 4382 port.
697 4326 751 4373 otte.
771 4325 826 4384 lep.
848 4329 874 4374 1.
892 4338 917 4374 r.
945 4326 994 4375 19.
1012 4321 1045 4372 ln
1072 4319 1248 4373 Galland.
1275 4305 1441 4374 mu!

136 4425 192 4474 rr.
211 4421 245 4472 r.
265 4421 307 4471 12.
326 4432 353 4484 p.
371 4417 415 4469 so.
434 4432 460 4468 c.
482 4418 507 4467 1.

170 4503 195 4573 ²)
213 4510 264 4562 rs.
284 4510 342 4572 rra,
361 4510 377 4558 ³
397 4508 467 4568 (ιι).
487 4503 529 4556 ct.
547 4503 605 4561 ran,
621 4504 649 4554 e.

168 4594 194 4664 ⁸)
212 4601 258 4656 ss.
277 4600 319 4661 te,
339 4601 380 4650 ro.
398 4594 442 4648 ct.
460 4596 503 4657 rs,
523 4594 565 4646 m.
583 4595 654 4644 nso.
671 4593 697 4654 a,
715 4593 747 4642 ³1
768 4605 793 4643 r.
812 4593 838 4653 s,
856 4592 900 4643 ar.
916 4586 983 4646 tob.
1000 4590 1044 4651 aa,
1064 4590 1105 4643 ta.
