2926 5168
166 237 227 305 166

163 386 254 450 rius
275 391 318 453 Μ.
343 385 377 469 ¹).
401 420 441 432 -
463 384 598 462 Quando
613 403 692 447 vero
716 384 778 446 SS.
802 382 919 447 Patres
941 393 1063 469 negant
1109 383 1141 446 in
1173 372 1248 446 Deo
1271 384 1372 448 scien·

163 490 240 555 tiam
266 511 393 564 rerum,
415 510 494 574 quae
524 507 642 552 revera
675 488 800 551 loturae
838 508 901 550 non
958 499 1051 551 sunt:
1083 498 1138 551 aut
1174 499 1298 552 tantum
1330 488 1374 552 lo·

165 607 302 682 quuntur
317 593 508 658 descientia
525 605 617 658 certo
632 593 746 668 futuri,
769 603 802 655 et
820 594 938 667 dieunt,
960 594 1066 656 Deum
1082 613 1121 656 ea
1140 613 1201 678 qua
1218 611 1374 657 revera

164 701 272 766 lutura
290 700 375 763 haud
390 697 518 778 videre;
540 710 595 761 aut
614 719 695 761 vero
720 698 824 782 ajunt,
852 697 958 761 Deum
986 719 1050 762 non
1070 697 1240 782 praescire
1266 696 1374 761 eondi-

164 807 286 871 tiouate
301 805 408 868 lutura
423 805 607 868 adsensum
625 815 658 867 et
677 814 818 867 mentem
836 802 1185 890 Semipelagiaoorum,
1215 800 1270 886 qui
1300 821 1375 866 oon·

162 910 356 983 tendebant,
379 909 485 972 Deum
511 920 645 992 propter
666 908 819 992 praevisa
847 909 931 972 bona
954 909 1007 972 vel
1028 908 1131 982 mala,
1160 925 1241 991 quae
1259 905 1375 970 laeuui

163 1014 317 1087 luissent,
338 1013 492 1078 videlicet
508 1025 659 1098 tanquam
675 1015 758 1078 bona
777 1015 829 1078 vel
841 1014 926 1078 mala
946 1013 1061 1079 merita
1076 1013 1113 1096 ²),
1134 1010 1275 1074 infantes
1292 1008 1374 1073 alios

162 1118 333 1204 Baptismo
351 1119 522 1193 lustratos,
546 1118 628 1181 alios
647 1119 718 1183 sine
734 1117 938 1202 Baptismoe
957 1118 1024 1182 vita
1040 1118 1164 1181 tollere.

246 1248 272 1306 y.
293 1224 390 1290 Ratio
412 1244 491 1287 vero
511 1223 603 1288 hisee
626 1225 687 1287 SS.
706 1223 904 1288 Litterarum
921 1235 953 1288 et
969 1223 1032 1285 SS.
1048 1221 1183 1284 Patrum
1202 1217 1312 1283 edatis
1331 1240 1370 1284 eo

163 1329 289 1394 iaoilius
306 1329 536 1412 adstipulatur,
560 1350 655 1413 quum
672 1350 716 1392 ex
733 1349 796 1392 una
814 1341 907 1413 parte
926 1350 982 1392 res
1006 1325 1224 1391 conditionate
1248 1324 1374 1388 futuras

162 1436 301 1509 liberas,
323 1446 434 1518 utpote
454 1455 534 1519 quas
548 1433 645 1499 etiam
662 1433 810 1497 homines
829 1454 1076 1518 nonuunquam,
1098 1430 1175 1495 licet
1188 1448 1252 1492 non
1270 1440 1373 1502 certo,

163 1552 360 1603 tamencum
375 1538 489 1622 majori
506 1537 665 1602 minorive
691 1537 917 1622 probabilitate
939 1536 1168 1624 praesagient,
1195 1535 1227 1599 in
1262 1554 1300 1597 se
1320 1554 1372 1599 eo·

164 1642 364 1732 gnoscibiles
384 1664 460 1706 esse
491 1641 686 1726 perspiciat,
709 1663 752 1707 ex
781 1644 883 1707 altera
899 1655 1006 1707 autem
1022 1653 1116 1726 parte
1132 1640 1227 1704 simul
1245 1658 1373 1703 ornnem
1452 1690 1457 1696 .

161 1748 294 1813 limitem
312 1748 480 1811 ascientia
495 1747 603 1812 divina
623 1749 855 1812 removendum
872 1769 948 1814 esse
967 1746 1058 1811 sciat.

244 1852 308 1916 list
322 1851 430 1936 itaque
445 1852 537 1916 Deus
555 1851 731 1916 omniscius
739 1898 751 1933 ,
785 1853 919 1938 ejusque
935 1850 1074 1918 scientia
1090 1848 1258 1922 absolute,
1288 1868 1366 1921 seu,
1454 1884 1457 1889 -

162 1967 196 2019 ut
209 1958 314 2040 ajunt,
336 1955 497 2021 intensive
517 1967 550 2019 et
566 1956 737 2021 extensive
752 1957 876 2022 infinita
898 1968 958 2021 est.

244 2063 408 2125 Observ.
433 2067 461 2128 1.
486 2063 630 2139 Quamvis
648 2067 775 2124 seientia
790 2068 849 2124 Dei
865 2069 950 2124 uniea
968 2067 1009 2124 sit
1025 2073 1114 2141 atque
1130 2061 1370 2138 simplicissima,

161 2178 263 2244 utpote
282 2188 356 2246 quae
372 2171 409 2227 ab
427 2170 492 2244 ejus
506 2171 735 2245 simplicissima
755 2181 863 2229 natura
880 2191 938 2229 non
953 2171 1168 2246 distinguitur:
1199 2185 1255 2243 pro
1270 2167 1368 2223 varie-

162 2282 225 2335 tate
250 2283 351 2333 tamen
378 2275 565 2349 objectorum
591 2293 645 2334 seu
673 2294 793 2347 rerum,
816 2276 852 2334 ad
881 2295 956 2353 quas
987 2277 1141 2344 refertur,
1164 2273 1324 2348 multiplex
1340 2271 1368 2328 in

161 2380 266 2439 subola
280 2381 359 2438 solet
373 2379 527 2454 assignari
547 2381 695 2438 scientiae
714 2380 833 2439 divinae
852 2381 969 2440 divisio.
992 2380 1147 2439 Dividitur
1161 2394 1271 2453 nempe

244 2503 271 2542 a.
294 2485 324 2541 in
347 2477 561 2542 seientiam
591 2486 905 2555 neeessariam,
936 2495 966 2544 et
995 2485 1171 2543 liberam
1194 2500 1258 2541 seu
1287 2498 1369 2541 eon·

160 2591 401 2664 tingentem.
424 2589 561 2647 Solantia
582 2591 825 2648 necessaria
848 2600 895 2649 est
927 2609 979 2673 ea,¹
1003 2608 1078 2666 quae
1108 2589 1198 2647 habet
1226 2605 1285 2664 pro
1318 2587 1368 2644 ob·

153 2693 237 2767 jecto
256 2695 353 2750 Deum
369 2694 486 2768 ipsum,
510 2703 540 2751 et
560 2712 611 2752 res
629 2713 713 2752 mere
730 2696 908 2770 possibiles,
932 2713 1007 2772 quae
1023 2697 1123 2771 itaque
1144 2693 1285 2752 absolute
1310 2709 1367 2750 uon

159 2807 261 2874 potest
276 2816 337 2856 non
354 2815 424 2856 esse
440 2799 470 2855 in
488 2800 553 2856 Deo
576 2798 644 2855 inde
670 2798 706 2856 ab
738 2807 872 2857 aeterno.
896 2798 1032 2856 Scientia
1055 2815 1133 2856 vero
1156 2796 1294 2854 libera
1315 2811 1369 2854 seu

160 2903 387 2978 contingen
401 2922 416 2960 s
439 2902 549 2961 dieitur
566 2904 638 2972 illa,
662 2921 737 2979 quae
753 2910 871 2979 spectat
885 2920 936 2960 res
960 2902 1188 2978 contingentes,
1217 2901 1286 2960 sive
1307 2901 1369 2960 exi·

160 3016 293 3078 stantes,
317 3008 383 3065 sive
400 3008 558 3083 aliquando
586 3008 728 3079 futuras,
750 3017 840 3083 atque
868 3008 1032 3065 voluntatis
1061 3007 1181 3064 divinae
1211 3005 1370 3066 decretum

158 3111 243 3187 prius
264 3113 381 3188 exigit,
404 3113 480 3188 quod
498 3114 635 3171 absolute
650 3111 798 3188 loquendo
814 3119 921 3187 posset
938 3112 1028 3169 etiam
1043 3113 1072 3169 in
1085 3113 1151 3169 Deo
1170 3129 1228 3168 non
1247 3110 1327 3170 dari.

242 3211 487 3291 b.1)ispesoitur
520 3218 550 3276 in
582 3218 810 3276 seientiam
843 3216 1159 3292 approbationis
1190 3215 1219 3292 ³)
1250 3225 1285 3275 et
1315 3235 1373 3275 re-

158 3321 381 3396 probation
393 3322 428 3379 is
451 3323 489 3398 4).
510 3321 611 3380 Priori
627 3324 711 3380 Deus
724 3323 801 3379 bona
818 3322 982 3398 intelligit,
1006 3326 1081 3397 quae
1100 3322 1247 3397 approbat
1269 3331 1302 3381 et
1315 3323 1373 3380 im·

157 3434 262 3500 perat;
283 3427 448 3501 posteriori
464 3445 538 3486 vero
555 3425 797 3504 peecata‚'quae
819 3428 958 3504 prohibet
974 3437 1003 3487 et
1020 3427 1182 3503 improbat.

152 3619 423 3635 ἡ

193 3700 215 3765 ¹)
233 3704 301 3752 nor.
320 3705 340 3754 ι.
357 3707 408 3755 aa.
425 3720 451 3756 ο.
471 3709 563 3755 19...
584 3707 632 3755 aa.
650 3704 720 3771 opp.
740 3704 771 3756 v.
792 3708 816 3756 ι.
837 3718 863 3757 c.
884 3707 957 3758 roos.
975 3705 1016 3756 cr.
1037 3703 1185 3770 origen.
1212 3709 1254 3756 ne
1282 3686 1384 3766 orsae(

161 3796 179 3841 ι.
203 3794 233 3843 a.
251 3807 276 3842 e.
297 3795 323 3841 r.
343 3809 368 3842 n.
389 3796 435 3842 17.
453 3792 525 3858 opp.
542 3793 575 3843 Τ.
596 3797 619 3845 t.
645 3808 671 3858 p.
698 3795 746 3844 rae
763 3809 804 3846 ss.
825 3821 856 3833 -
874 3794 1016 3846 nemos.
1036 3798 1077 3845 ne
1100 3803 1156 3847 nate.
1182 3799 1252 3845 nom.
1271 3788 1304 3852 ⁴0.
1320 3801 1376 3848 44.

156 3878 546 3932 inanimatorum.
567 3882 598 3932 Τ.
622 3885 646 3932 7.
672 3897 699 3949 p.
722 3883 781 3934 121.
804 3883 833 3933 O.
852 3911 886 3920 --
910 3883 996 3935 Gens.
1021 3885 1148 3934 Petav.
1176 3886 1216 3934 De
1239 3887 1275 3933 1).
1291 3888 1377 3948 Deio.

154 3983 240 4027 prom.
258 3973 277 4019 ι.
292 3972 320 4018 4.
339 3985 363 4018 0.
378 3971 408 4020 a.
427 3973 468 4020 ne
479 3964 561 4023 tueor.
579 3972 759 4030 ‹routtnntu
774 3974 850 4023 rroo.
869 3972 900 4023 n.
921 3974 946 4024 ι.
964 3986 991 4037 p.
1009 3974 1058 4023 rsa
1073 3986 1116 4025 ss.
1134 3998 1167 4011 -
1186 3959 1233 4022 no
1245 3984 1264 4022 o
1276 3974 1377 4026 raet.

159 4059 235 4108 Cura·
254 4060 334 4108 tlreol.
354 4057 416 4110 Col.
441 4058 560 4125 Agripp.
579 4061 654 4110 1752.
672 4058 705 4111 Τ.
723 4063 746 4112 1.
762 4075 790 4126 p.
810 4061 870 4112 111.

192 4136 216 4204 ²)
236 4144 280 4197 01.
299 4144 513 4210 Augustin.
541 4149 583 4198 De
614 4149 989 4209 nrrr'm.etej.orlo.o.12.
1013 4148 1083 4215 Opp.
1101 4149 1188 4200 ’1.10.
1208 4161 1235 4200 ο.
1255 4152 1319 4202 807.
1340 4179 1376 4189 —-

157 4232 336 4299 dulgent.
355 4237 396 4284 lte
414 4238 640 4293 oer·r't.1›rue‹lest.
659 4244 686 4286 et
702 4245 770 4297 prat.
788 4242 808 4288 t.
834 4242 854 4288 l.
874 4254 898 4289 o.
918 4242 946 4290 1.
965 4254 991 4290 a.
1015 4243 1053 4288 15
1068 4256 1104 4293 sa.
1124 4237 1195 4305 Opp.
1214 4251 1242 4304 p.
1258 4239 1310 4290 att
1327 4253 1377 4293 ss.

154 4322 390 4387 -erospea
408 4325 459 4382 Ep.
487 4324 748 4385 adaequatlnter
766 4324 1072 4393 Eppdaugustlo.
1103 4331 1173 4379 225.
1198 4343 1227 4378 a.
1247 4333 1277 4378 ὅ.
1298 4327 1376 4396 opp.

156 4409 216 4472 huj.
235 4412 269 4462 Τ.
287 4414 314 4464 2.
333 4427 356 4464 c.
374 4413 435 4465 823.

189 4491 375 4562 &hbe

190 4585 308 4650 l⁴)11ub.
328 4592 352 4653 1,
371 4591 414 4643 te.
432 4589 538 4642 Mattb.
557 4591 600 4651 25,
620 4593 661 4643 12.
