2926 5168
121 251 183 324 182

120 410 272 470 assumsit
292 416 418 478 nostre,
447 414 481 468 ut
508 426 567 468 non
592 405 758 469 dimitteret
784 422 847 466 sua.
878 404 1013 469 Verbum
1037 405 1117 468 enim
1143 401 1260 466 iactum
1286 409 1333 465 est

120 515 209 576 homo
222 536 276 594 per
294 516 512 576 assumtionem
527 514 723 573 humanitatis
740 514 770 573 in
784 515 929 573 unitatem
943 532 1103 591 personae,
1120 508 1335 587 sustentando,

120 621 305 697 perficiendo
334 640 369 680 se
397 619 560 698 supplendo
585 621 738 697 propriam
766 619 963 679 humanitatis
993 613 1248 687 subsistentiam,
1276 633 1336 675 non

120 737 220 786 autem
243 746 298 804 per
321 727 553 788 conversionem
570 728 620 785 vel
639 745 694 803 per
713 726 943 804 acquisitionem
967 743 1064 784 novae
1082 722 1213 799 alicujus
1234 704 1337 800 pedie-

121 833 242 892 etionis.
264 835 369 912 ltaque
394 840 509 891 mutata
529 842 577 891 est
600 832 783 901 humanitas,
805 839 836 891 et
863 831 981 908 quidem
1005 831 1036 889 in
1063 831 1191 902 melius,
1215 827 1336 906 wando

122 946 257 998 assumta
287 949 372 998 esta
398 939 502 998 Verbo
525 939 556 997 in
580 939 727 999 unitatem
752 931 915 1015 suppositi3
947 945 978 995 at
996 935 1137 994 divinitus
1165 927 1243 992 nihil
1266 931 1338 992 novi

122 1044 293 1121 aequisivit,
316 1061 383 1102 oum
398 1063 517 1103 omnem
531 1039 728 1103 humanitatis
746 1041 1151 1121 perfectionememinenter
1166 1040 1197 1098 in
1217 1056 1253 1097 se
1266 1055 1338 1097 eon·

123 1151 227 1216 tineat,
250 1148 325 1207 nihil
344 1150 435 1209 etiam
456 1150 559 1209 amisit
576 1166 610 1209 ao
632 1147 774 1226 perdidit,
797 1156 830 1206 ut
849 1143 907 1217 soi,
930 1148 979 1224 qui
998 1148 1108 1207 nubem
1124 1143 1337 1222 interpositam

123 1254 275 1322 illustrat,
304 1273 359 1333 per
377 1255 475 1331 ipsam
493 1255 651 1315 obscurari
673 1253 810 1323 videtur,
840 1254 870 1312 in
898 1272 931 1313 se
950 1264 1051 1313 autem
1071 1251 1151 1311 idem
1173 1258 1279 1311 menet
1301 1253 1339 1323 ¹).

124 1391 162 1406 -
186 1362 323 1438 Denique
353 1361 431 1438 quod
459 1362 495 1420 ad
531 1363 608 1421 iram
639 1370 670 1421 et
698 1362 774 1421 alias
805 1361 897 1419 animi
922 1360 1093 1428 motiones,
1123 1359 1189 1417 Deo
1224 1357 1256 1415 in
1281 1354 1340 1414 SS.

124 1464 250 1524 Litteris
270 1468 412 1536 tributas,
435 1468 560 1526 attinet:
582 1467 650 1537 hae,
674 1476 816 1544 utsupra
832 1463 895 1539 jam
911 1465 1158 1533 monstravimus,
1179 1464 1250 1521 Deo
1265 1479 1339 1519 non·

125 1570 184 1628 nisi
203 1580 340 1647 spectato
361 1572 488 1640 effectu,
510 1590 569 1630 non
587 1579 686 1631 autem
703 1574 812 1630 affeetu
829 1570 921 1630 tribui
940 1578 1083 1647 possunt,
1105 1577 1136 1628 et
1155 1544 1267 1628 reveri
1286 1565 1339 1623 tri·

125 1675 265 1741 buuntur.
288 1677 403 1735 Eadem
419 1677 561 1736 videlieet
578 1677 637 1736 Dei
657 1676 828 1736 substantia
845 1677 970 1734 immota
986 1675 1016 1733 in
1037 1689 1227 1742 seminem,
1250 1677 1340 1748 prout

125 1780 261 1839 refertur
283 1782 320 1840 ad
345 1781 499 1842 hominem
522 1781 657 1857 justum,
689 1783 774 1841 illum
797 1781 943 1859 diligere,
974 1781 1059 1857 eique
1084 1774 1188 1839 fovere
1216 1775 1339 1843 dieitur,

126 1895 216 1961 prout
234 1905 308 1945 vero
330 1887 464 1947 refertus·
481 1887 517 1947 ad
537 1896 739 1964 peecatorem,
762 1905 830 1947 eum
853 1886 920 1945 odio
940 1885 1072 1957 habere,
1094 1901 1129 1944 ae
1153 1883 1215 1961 ipsi
1235 1881 1340 1952 irasci,

125 2010 181 2068 pro
202 1992 289 2050 vario
305 1991 447 2052 nimirum
463 2001 560 2061 statu,
583 1993 613 2050 in
633 2011 690 2070 quo
705 1992 844 2051 homines
862 1998 942 2060 sunt,
959 1992 1038 2050 siout
1055 2007 1132 2049 unus
1152 1997 1182 2048 et
1199 1986 1281 2048 idem
1296 1985 1342 2044 sol

127 2114 182 2172 pro
199 2095 287 2155 varia
312 2094 511 2173 dispositione
537 2097 593 2165 rei,
616 2097 646 2155 in
666 2115 754 2174 quam
773 2097 847 2174 agit,
872 2114 973 2155 ceram
992 2094 1167 2173 liquefacit,
1195 2100 1227 2152 et
1245 2093 1341 2150 lutum

128 2200 265 2269 indurat,
288 2202 393 2260 oeulos
419 2220 511 2261 sanos
532 2209 672 2280 vegetat,
694 2209 724 2260 et
743 2202 842 2279 lippos
861 2201 988 2264 cruciat.
1014 2196 1102 2271 Quid
1119 2207 1189 2277 est,
1213 2199 1257 2257 ait
1276 2199 1342 2256 Au·

127 2307 326 2385 gustinus,
345 2324 518 2383 perversus
532 2310 597 2368 erio
613 2325 684 2368 aum
698 2305 875 2385 perverso?
895 2306 1142 2367 Perueraurn
1164 2314 1206 2366 te
1223 2307 1342 2383 puta·

128 2409 166 2469 di
172 2420 186 2472 t
201 2428 385 2488 perversus.
396 2409 472 2471 Non
493 2412 579 2492 quod
596 2412 661 2473 utto
682 2413 773 2473 modo
790 2416 990 2490 pervertatur
1004 2417 1103 2476 Deus.
1124 2409 1238 2489 Adeit5
1260 2412 1343 2489 quod

128 2521 188 2593 est,
221 2521 280 2577 est.
306 2515 372 2578 Sed
397 2515 659 2596 quemadmodum
687 2516 740 2577 sot
765 2514 873 2577 oeulos
896 2534 996 2592 purus
1005 2559 1019 2595 ‚
1049 2533 1149 2576 sartos
1159 2557 1173 2593 ,
1202 2517 1341 2591 repetas,

124 2624 231 2699 furtes
251 2621 382 2681 tabenti
413 2621 608 2702 tranquillus
629 2623 785 2701 adparet,
813 2624 846 2681 in
867 2622 976 2683 oeulos
997 2627 1101 2682 autem
1123 2619 1229 2701 lippos
1251 2618 1346 2699 quusi

129 2727 194 2786 tela
224 2745 342 2803 aspera
361 2725 550 2809 jamtutur3
571 2728 744 2787 intuentem
774 2727 864 2788 iilum
893 2732 1036 2805 repetet,
1062 2725 1148 2787 tune
1177 2725 1347 2786 excruciat

129 2851 195 2891 non
215 2835 372 2903 mutatus,
403 2831 461 2891 sed
480 2836 650 2893 mutatum:
677 2834 725 2892 eia
746 2852 816 2893 rum
838 2834 982 2909 coeperis
1003 2849 1074 2893 esse
1090 2847 1289 2909 perversore,
1318 2832 1347 2887 et

131 2937 187 2997 titi
208 2935 299 2996 Deua
316 2954 542 3014 perversus
563 2935 785 3016 videditur5
807 2943 841 2998 tu
862 2943 1001 3000 mutatus
1023 2956 1069 3010 ee,
1090 2953 1155 2997 nors
1177 2934 1250 2999 iile.
1273 2931 1349 2995 Erit

131 3061 207 3119 erpo
228 3043 285 3101 tiiri
301 3058 420 3120 poena,
442 3042 528 3123 quod
546 3041 635 3102 donia
653 3042 809 3119 gaudium
831 3042 876 3122 ²).
906 3039 968 3104 Et:
1000 3040 1081 3117 Quis
1102 3050 1152 3102 est
1171 3039 1346 3108 dominum,

132 3149 184 3206 eui
220 3164 286 3206 non
314 3152 465 3206 occurrat
491 3151 526 3209 iu
554 3146 623 3208 Deo
651 3157 765 3209 cunata
790 3151 992 3225 praesciente
1022 3147 1252 3228 poenitentiam
1278 3161 1347 3206 eser

132 3269 198 3312 reon
215 3249 340 3327 paese?
371 3284 408 3296 -
434 3247 635 3329 Quapropter
662 3269 733 3312 oum
761 3255 898 3330 tegimus
926 3256 1022 3315 etium
1042 3252 1147 3315 neum
1177 3250 1345 3312 dtamtem

133 3360 277 3418 Paenitet
294 3374 358 3426 me,
387 3355 643 3435 consideremus,
671 3356 758 3437 quod
781 3376 852 3419 esse
877 3358 982 3421 soleat
1009 3363 1044 3420 tn
1064 3356 1248 3419 uomiturus
1270 3373 1346 3436 opus

131 3460 321 3540 poenitendi.
347 3461 472 3523 Procul
489 3461 584 3523 dubio
605 3465 764 3542 reperitur
791 3463 937 3525 uoluntas
957 3465 1103 3526 mutandi
1108 3483 1124 3543 ;
1152 3461 1271 3524 sedin
1290 3459 1345 3520 Iso·

134 3569 218 3629 mine
239 3585 310 3628 auru
336 3566 446 3627 dotare
467 3570 566 3627 animi
587 3574 654 3645 est;
675 3568 878 3646 reprehendit
897 3571 980 3630 euim
1000 3571 1035 3631 iu
1056 3588 1105 3648 ee,
1126 3567 1218 3649 quod
1232 3577 1346 3630 temera

130 3675 264 3750 fecerat.
284 3671 489 3752 Auferamus
509 3691 585 3751 erpo
606 3675 689 3746 ieta,
720 3692 804 3754 puae
824 3673 864 3736 de
884 3674 1025 3737 humana
1045 3677 1233 3755 infirmitate
1255 3677 1344 3753 utque

135 3780 320 3854 iquorantiu
339 3778 488 3847 ueniunt,
509 3782 542 3838 et
559 3785 725 3839 remaneat
743 3779 873 3841 sotum
894 3781 1020 3852 aelle,
1048 3787 1194 3843 utnon
1215 3782 1279 3842 itu
1299 3778 1345 3840 rit

136 3882 323 3964 aliquid,
353 3881 688 3963 quemadmodum
717 3892 821 3949 erut:
849 3889 897 3948 eie
926 3890 1029 3967 potest
1048 3884 1253 3968 aliquantum
1273 3883 1341 3946 inti·

136 3991 219 4048 ruari
240 3989 337 4049 menti
356 3993 500 4064 nostrae,
523 4007 587 4069 qua
607 3989 722 4067 reputa
740 3990 959 4069 intelligatur,
982 3991 1068 4073 quod
1080 3994 1223 4072 poenitet
1241 3998 1338 4052 Deum·

141 4091 220 4153 Oura
252 4096 335 4152 enim
361 4095 522 4171 poenitere
551 4092 685 4166 dieitur,
713 4093 804 4156 eutr
831 4115 906 4158 nou
935 4116 1026 4160 ease
1056 4099 1240 4179 aliquid,
1268 4093 1338 4177 pand

146 4271 396 4291 n*

175 4357 197 4427 ¹)
217 4362 260 4415 ci.
279 4359 337 4414 Pe.
356 4359 529 4417 imbros.
557 4366 602 4416 Tr.
627 4367 661 4416 de
686 4366 732 4423 liri.
759 4369 861 4419 artiori.
887 4375 958 4420 eant.
976 4370 1071 4420 drian.
1097 4385 1122 4422 o.
1140 4373 1170 4424 8.
1188 4369 1261 4438 opp.
1277 4368 1331 4420 Au·

140 4445 240 4502 bros.
259 4451 292 4502 Τ.
311 4453 338 4505 2.
356 4453 476 4520 append.
496 4467 518 4504 e.
538 4454 589 4508 ³54
619 4468 659 4506 ss.
685 4481 717 4493 -
744 4456 943 4520 Augustini.
970 4461 1009 4509 83
1028 4467 1131 4521 peraret.
1158 4479 1185 4526 p.
1216 4466 1263 4514 ⁷³·
1279 4455 1329 4518 0ii·

141 4541 174 4596 Τ.
190 4542 218 4593 θ.
235 4541 271 4593 Ε.
289 4541 322 4592 6‘i
340 4556 366 4594 s.

174 4621 198 4698 ²)
216 4633 248 4685 in
263 4635 309 4685 Pr.
329 4635 377 4688 te.
394 4650 421 4691 rs.
442 4638 471 4688 7.
491 4633 526 4689 Τ.
544 4635 572 4689 i.
591 4645 615 4687 o.
632 4634 690 4687 too.
