2926 5168
1290 235 1352 301 109

151 378 377 455 definiunt,
402 393 444 445 et
465 395 703 467 propterea
725 384 772 449 de
793 382 887 456 illa,
908 382 949 448 in
979 401 1025 448 se
1059 381 1350 461 considerata,

151 485 405 550 necessario
428 486 684 569 praedicari
705 487 874 553 debent.
896 487 946 550 Ab
965 485 1127 551 attributis
1145 486 1246 563 bisce,
1270 511 1351 575 quae

150 589 373 675 scriptoribus
399 591 632 657 ecclesiasticis
663 589 768 675 ἀρεταί
771 640 781 675 ,
813 589 984 673 ἀξιώματα,
1007 591 1154 674 νοήματα,
1182 593 1278 659 otiam
1299 607 1351 660 at·

149 695 311 760 tributa
337 694 535 761 absoluta
575 697 739 773 dicuntur,
763 694 914 761 differmrt
944 697 1260 781 proprietates,
1291 719 1351 763 seu

149 800 362 865 attributa
381 801 597 877 relativa,
620 799 770 883 ἰδιώματα,
792 821 874 887 quae
891 802 1099 867 characteres
1117 802 1212 868 trium
1234 803 1266 868 in
1289 805 1351 868 SS.

147 905 313 972 Trinitate
339 928 551 994 personarum
575 907 771 996 significant,
804 921 836 972 et
865 907 1125 993 praedicata
1156 909 1221 975 Dei
1247 910 1349 974 rela-

147 1011 253 1089 tiva,
276 1033 357 1100 quae
375 1015 534 1080 rationem
550 1014 652 1100 ipsius
668 1015 709 1078 ad
727 1014 877 1078 mundum
895 1012 1043 1078 iudicant

133 1154 139 1161 ·
232 1118 268 1182 lu
286 1120 450 1185 attributis
466 1119 598 1194 divinis,
621 1139 701 1205 qnae
714 1129 827 1184 nostro
843 1118 1045 1200 intelligendi
1068 1138 1159 1183 more
1177 1118 1217 1182 ad
1240 1139 1350 1184 essen·

147 1229 224 1288 tiam
245 1223 383 1289 divinam
399 1226 486 1289 velut
503 1225 623 1289 formas
642 1221 874 1289 etaffactiones
890 1223 1112 1311 adjungimus,
1145 1236 1252 1288 mente
1275 1244 1349 1290 con·

146 1328 304 1412 cipiendis
318 1329 381 1394 duo
400 1328 510 1394 vitiosi
528 1349 677 1404 errores,
700 1328 761 1392 sibi
777 1328 932 1415 oppositi,
954 1348 1116 1413 peraeque
1134 1327 1254 1392 vitandi
1263 1341 1347 1396 sunt.

146 1434 241 1499 Alter
256 1445 308 1498 cst
327 1455 456 1510 eorum,
479 1433 531 1519 qui
550 1433 643 1508 nihil,
665 1454 706 1497 ne
725 1434 921 1522 cogitatione
937 1425 1063 1518 quidem
1082 1444 1115 1496 et
1138 1431 1348 1520 intelligentia

146 1548 277 1613 nostra,
300 1536 432 1602 differre
457 1539 569 1602 volunt
588 1549 656 1601 tum
682 1557 701 1601 a
727 1537 928 1603 seinvicem
952 1536 1105 1602 attributa
1130 1537 1208 1619 ista,
1237 1549 1304 1602 tum
1330 1559 1349 1602 a

146 1653 263 1706 natura
280 1653 313 1706 et
331 1643 492 1716 essentia;
514 1643 595 1709 alter
621 1663 701 1707 vero
724 1663 855 1717 eorum,
877 1641 929 1728 qui
955 1641 1106 1706 attributa
1136 1641 1243 1706 divina
1268 1664 1287 1707 a
1312 1664 1349 1706 se

145 1747 331 1814 invicemet
348 1748 388 1812 ab
415 1747 558 1814 essentia
570 1768 607 1811 re
623 1747 693 1831 ipsa
707 1747 859 1835 distingui
888 1767 947 1811 seu
969 1746 1114 1831 separari
1144 1748 1348 1813 contendunt.

227 1852 322 1916 Prior
345 1869 433 1917 error
460 1859 489 1916 iu
510 1859 627 1917 aetio
651 1867 680 1917 at
702 1857 894 1916 ldunomio
917 1865 1038 1916 notatus
1069 1866 1099 1916 et
1122 1858 1279 1918 damnatus
1302 1865 1348 1918 est

148 1979 165 2020 a
180 1963 341 2031 Patribus,
364 1964 413 2040 qui
430 1963 516 2021 ambo
535 1963 679 2023 attributa
697 1964 805 2032 omnia,
829 1980 903 2039 quae
921 1961 956 2021 dc
977 1965 1044 2022 Deo
1060 1963 1282 2039 praedicantur,
1298 1965 1346 2022 ab·

149 2067 248 2126 soluta
264 2076 295 2126 et
310 2068 405 2125 multo
430 2068 528 2144 magis
550 2067 697 2136 relativa,
728 2076 759 2126 ut
776 2060 945 2145 ἀγεννησιάν
961 2067 991 2125 in
1013 2068 1125 2137 Patra,
1158 2070 1238 2127 nullo
1262 2087 1346 2144 pror·

149 2190 202 2230 sus
220 2171 329 2241 modo,
350 2190 386 2232 ac
401 2190 439 2231 ne
457 2174 642 2250 cogitatione
658 2172 776 2250 quidem
793 2171 967 2248 discrepare
980 2173 1124 2249 putabant
1140 2174 1176 2232 ab
1200 2176 1346 2242 essentia,

146 2287 178 2337 ut
198 2298 234 2337 eo
251 2281 317 2356 ipso
333 2279 442 2337 Filium
461 2298 479 2338 a
496 2297 587 2338 verae
605 2279 804 2356 propriaeque
822 2277 988 2337 divinitatis
1016 2278 1225 2338 communione
1246 2260 1346 2338 excluss

146 2384 269 2455 darent,
292 2383 369 2462 quod
383 2377 538 2464 clymate
552 2394 691 2452 careret,
714 2401 801 2461 quam
813 2385 909 2459 ipsam
926 2383 1099 2442 statuebant
1117 2400 1185 2442 essa
1210 2383 1345 2443 divinita·

146 2498 207 2548 tem
226 2484 262 2571 ¹).
284 2487 397 2563 Quibus
426 2491 582 2549 accenseri
603 2497 729 2567 possunt
764 2489 951 2548 recentiores
979 2487 1267 2558 Pantheistae,
1298 2492 1346 2567 qui
1430 2549 1432 2553 ,

146 2603 246 2654 mmen
285 2596 413 2655 ulterius
449 2595 626 2673 progressi,
647 2597 744 2654 Deum
770 2595 800 2653 in
841 2611 876 2652 se
903 2600 1089 2671 spectatum,
1119 2593 1239 2651 nonnisi
1269 2611 1347 2652 xasa

145 2697 269 2780 δύναμιν
293 2700 504 2769 admittentes,
532 2708 623 2777 prout
649 2699 820 2776 inlinitum,
847 2701 941 2758 itaet
964 2697 1148 2758 indefinitum
1177 2716 1263 2768 esse,
1288 2708 1346 2758 tra-

142 2805 219 2864 dunt
240 2809 279 2879 ²).

159 2979 162 2993 1
226 2913 373 2971 birrorum
388 2911 555 2988 oppositum
569 2909 690 2969 tenebat
712 2909 930 2970 Gilbertus
962 2910 1243 2982 Porretanus,
1274 2909 1344 2986 lipi-

138 3036 256 3094 scopus
277 3017 494 3085 maturiensis,
526 3016 576 3093 qui
598 3014 741 3085 docebat,
764 3012 1017 3092 magnitudinem,
1040 3014 1234 3091 sapientiam,
1252 3011 1344 3087 justi·

136 3125 234 3195 tiam,
257 3131 287 3180 et
304 3120 422 3181 tandem
442 3121 630 3181 divinitatem
664 3138 723 3178 non
754 3138 822 3179 esse
847 3120 945 3197 ipsum
969 3115 1088 3188 Deum,
1115 3118 1169 3177 sed
1191 3137 1260 3178 esse
1282 3119 1344 3176 lor-

133 3245 241 3299 mam,
263 3245 320 3305 qua
336 3229 401 3304 ipse
414 3244 541 3303 magnus
549 3267 562 3303 ,
585 3225 722 3302 sapiens,
739 3223 859 3298 justus,
882 3242 940 3302 qna
952 3227 1037 3284 Deus
1055 3224 1097 3284 sit
1109 3225 1146 3301 ³).
1169 3227 1267 3283 Error
1283 3222 1342 3293 bic,
1421 3296 1426 3303 .

132 3333 266 3407 cuijam
287 3330 523 3390 Theodorus
545 3332 871 3407 Mopsuestenus
892 3330 1081 3407 praelusisse
1097 3329 1343 3404 fertur,ctquem

129 3447 250 3516 postea
282 3436 490 3496 Sociniani
530 3438 770 3505 resuscitarunt,
805 3443 994 3506 statuentes,
1023 3436 1053 3492 in
1085 3435 1151 3492 Deo
1176 3432 1343 3492 accidentia

130 3545 227 3614 dari,
250 3542 466 3603 condemnatus
494 3551 541 3602 est
567 3544 597 3601 in
628 3543 812 3602 concilio
844 3524 1065 3600 Rhemensi
1097 3557 1125 3598 a.
1154 3535 1266 3614 illo,
1288 3537 1343 3596 sub

127 3646 334 3729 Eugenio
355 3651 407 3708 Ill.
429 3649 603 3725 celebrato,
625 3630 711 3726 quod
728 3649 852 3708 statuit:
885 3646 1050 3708 &edimus
1077 3651 1110 3704 et
1139 3642 1341 3720 confitemur,

127 3754 319 3833 simplicem
335 3757 483 3813 naturum
502 3751 685 3813 munitm
706 3770 777 3813 ease
790 3751 914 3825 Deum,
936 3769 999 3811 nec
1017 3748 1123 3828 aliquo
1151 3764 1250 3806 censu
1275 3743 1341 3806 Ou-

127 3859 258 3922 thalica
269 3876 366 3936 posse
382 3859 511 3935 negari,
534 3858 611 3938 puin
637 3856 797 3918 Dirindaa
824 3859 870 3917 rit
884 3857 985 3927 Deus,
1008 3858 1042 3914 et
1062 3851 1153 3914 Deus
1175 3851 1342 3912 Divinum.

122 3965 252 4029 Straba·
267 3982 339 4025 raro
353 3963 488 4025 dicitur:
507 3961 799 4040 Domintsapleutia
811 3963 1013 4041 sapientem,
1033 3955 1253 4035 magnoualdus
1270 3973 1342 4016 ma·

173 4259 203 4323 ¹)
221 4255 267 4312 01.
285 4255 312 4310 (t
323 4262 451 4321 regor.
480 4250 585 4320 Nysa.
613 4259 679 4308 Ado.
707 4258 822 4309 Eanum.
841 4258 860 4307 1.
880 4258 928 4307 12.
950 4252 1021 4320 0pp.
1044 4251 1111 4306 Par.
1130 4253 1204 4304 tots.
1223 4250 1254 4302 Τ.
1271 4250 1296 4300 2.
1316 4261 1342 4312 p.

117 4347 204 4405 40³.
221 4350 256 4401 D.
273 4362 298 4400 a.
314 4373 347 4386 -
365 4344 454 4399 Basl
466 4344 487 4399 Ι.
505 4348 572 4399 Δάν.
591 4347 706 4396 Eurota.
719 4351 740 4398 ι.
760 4349 787 4397 1.
805 4361 833 4398 η.
850 4348 936 4397 4-«1.
955 4342 1026 4408 opp.
1044 4343 1078 4398 Τ.
1091 4344 1116 4398 1.
1131 4356 1157 4409 p.
1175 4341 1237 4394 att.
1253 4340 1341 4392 atas.

173 4437 200 4493 2t
218 4437 262 4491 ct.
278 4434 356 4503 benet
373 4432 457 4502 cogit.
476 4436 501 4485 t.
521 4429 560 4487 a.
576 4446 602 4499 p.
617 4436 650 4485 77
668 4449 695 4487 s.
710 4430 852 4500 anteum.
870 4431 892 4498 t.
909 4434 943 4485 oo
961 4448 987 4485 s.
1006 4447 1034 4500 p.
1055 4434 1103 4486 too
1119 4447 1145 4484 s.

174 4524 200 4591 ³)
219 4526 263 4580 01.
281 4525 365 4577 Otto
383 4522 599 4589 Frisigans.
617 4528 658 4576 De
674 4527 757 4586 gestis
773 4526 909 4576 Frtdertc.
934 4527 955 4578 1.
978 4528 1095 4577 1.ο.10.
1112 4547 1145 4558 -
1162 4519 1353 4599 narcara

117 4615 232 4672 sam.
250 4618 302 4671 80.
320 4618 349 4668 iu
366 4617 472 4669 cantio.
489 4629 517 4666 n.
534 4615 565 4666 8.
585 4611 657 4678 0pp.
675 4610 711 4667 V.
728 4613 753 4666 1.
772 4626 797 4665 o.
816 4614 890 4666 1551.
