2926 5168
1234 234 1277 302 85

66 403 214 481 congerie
236 395 472 479 perfectionum,
494 394 545 452 atii
568 407 641 451 vero
665 393 775 451 iterum
805 383 835 447 in
849 386 1061 457 ,intellectione
1084 389 1206 456 actuali,
1228 391 1276 447 vel

66 511 160 568 etiam
183 505 308 565 radicati
338 499 372 584 (i.
396 522 423 563 e.
447 499 633 575 intelligendi
662 497 795 573 potentia
820 494 952 566 infinita)
981 495 1183 571 reponendam
1206 513 1276 554 esse

65 622 194 672 censent
216 607 251 689 ¹).
274 610 435 668 Caeterum
453 602 591 680 quidquid
609 603 659 673 sit,
684 621 777 660 esse
798 618 817 659 a
838 618 878 657 se
900 618 954 659 scu
977 618 1068 660 esse
1092 620 1208 660 neces
1222 618 1276 659 su·

64 719 167 776 rium
189 715 225 773 ad
248 714 412 772 essentiam
434 711 492 768 Dei
514 708 670 785 physicam
693 716 777 766 certo
802 706 940 783 pertinet.

339 894 342 898 ·
427 873 451 955 ξ.
471 868 509 967 Ι1.
531 867 792 941 ltxistentia
814 865 908 938 nei.

150 1037 298 1113 Exposita
315 1035 437 1092 notione
453 1032 531 1097 Dei,
564 1047 651 1106 quam
678 1028 766 1087 nobis
791 1027 936 1086 revelatio
959 1026 1059 1085 divina
1074 1024 1105 1088 in
1122 1048 1176 1088 suo
1191 1041 1275 1091 utro·

63 1163 123 1220 que
147 1143 229 1201 iontc
252 1138 392 1209 exhibet,
421 1143 536 1202 restat,
566 1142 598 1192 ut
620 1133 788 1192 doctrinam
805 1132 841 1189 de
863 1131 996 1205 ejusdem
1019 1134 1077 1191 Dei
1102 1121 1276 1203 existentia,-

63 1248 131 1322 ejus
155 1247 268 1305 unitate
284 1263 319 1302 ac
342 1262 359 1300 a
381 1242 489 1301 mundo
512 1239 689 1297 diversitate
709 1254 903 1313 exponamus,
926 1245 1014 1313 atque
1032 1248 1142 1298 contra
1157 1239 1273 1309 atheos,

63 1355 93 1410 si
121 1354 171 1429 qni
197 1353 257 1409 siut
282 1349 393 1406 mentis
420 1346 494 1406 adeo
519 1344 669 1414 nefariae,
697 1342 891 1401 vindicemus.
922 1343 1041 1400 Etenim
1069 1360 1138 1400 num
1164 1362 1274 1404 revera

62 1456 170 1516 athei
186 1457 303 1522 dentur,
319 1455 397 1511 inter
416 1450 587 1525 Theologos
603 1449 749 1524 litigatur.
768 1448 984 1506 Verumtamen
1002 1456 1117 1506 certum
1140 1467 1209 1506 esse
1231 1451 1274 1506 vi·

61 1563 163 1629 detur,
186 1569 215 1618 et
234 1560 270 1618 ab
283 1559 420 1617 omnihus
438 1555 615 1620 admissum,
638 1552 743 1610 atheos
759 1553 967 1628 practices
990 1553 1090 1629 utiquc
1109 1552 1184 1620 dari,
1208 1554 1226 1609 i.
1249 1573 1274 1610 e.

62 1666 179 1742 quiite
200 1665 338 1740 nequiter
354 1663 473 1729 vivant,
496 1677 531 1717 ac
552 1661 579 1717 si
601 1661 685 1716 Deus
704 1676 760 1716 non
782 1665 882 1725 esset,
914 1675 1059 1733 quemque
1080 1658 1193 1716 vellent
1214 1676 1273 1716 non

62 1788 145 1838 csse,
168 1786 257 1844 quum
274 1769 373 1843 ipsum
389 1783 513 1824 suorum
533 1764 691 1822 criminum
713 1761 827 1834 justum
844 1761 994 1821 vindicem
1018 1782 1056 1820 ex
1078 1747 1184 1821 intimo
1203 1779 1272 1821 con-

61 1875 210 1934 scientiae
222 1889 313 1931 sensu
329 1870 537 1929 reformident.
552 1873 648 1928 Porro
666 1869 797 1928 evictum
816 1876 872 1938 est,
893 1884 962 1926 esse
977 1867 1083 1927 atheos
1097 1886 1136 1944 sp
1148 1869 1233 1928 acut
1244 1887 1273 1926 a·

61 1980 168 2038 tivos
190 1975 429 2041 indirectos,
451 1974 501 2049 qui
519 1973 637 2030 scilicet
653 1970 688 2029 de
704 1973 769 2028 Deo
785 1982 937 2041 asserunt,
961 1992 1035 2050 quae
1053 1992 1119 2032 cum
1135 1973 1200 2048 ejus
1221 1991 1271 2032 na·

61 2092 133 2140 tura
151 2088 233 2139 stare
258 2097 315 2137 non
333 2087 478 2160 possunt,
500 2078 547 2135 vet
568 2076 656 2135 idolis
683 2095 718 2134 ac
743 2079 828 2153 puris
847 2078 938 2136 rebus
961 2079 1073 2136 creatis
1097 2077 1272 2145 concedunt,

62 2206 140 2264 quac
159 2181 218 2245 soti
236 2188 302 2243 Deo
321 2191 492 2259 competunt
510 2200 545 2240 ac
566 2182 688 2258 propria
708 2191 786 2241 sunt.
815 2181 931 2241 Atheos
953 2189 1052 2242 autem
1071 2183 1272 2259 speculativos

61 2292 175 2350 dirce
185 2298 259 2357 tos,
275 2291 325 2366 qui
342 2306 398 2346 non
410 2299 523 2346 tantum
536 2297 660 2346 externe
677 2297 706 2345 ct
719 2296 826 2345 contra
837 2290 976 2346 intimum
987 2290 1191 2347 conscientiae
1205 2306 1271 2346 sen·

61 2415 146 2468 sum,
169 2396 223 2454 sed
239 2395 357 2452 interne
379 2403 462 2452 etex
482 2395 580 2452 animo
598 2396 696 2453 Deum
715 2411 784 2452 esse
804 2402 931 2470 negent,
954 2394 1004 2469 qui
1021 2393 1147 2469 proinde
1166 2393 1214 2449 vel
1231 2393 1273 2449 ita

61 2503 126 2561 sint
143 2490 242 2559 mente
261 2499 380 2575 perditi,
404 2507 436 2556 ut
456 2500 504 2556 vet
522 2499 635 2558 nullum
653 2499 773 2556 omuino
793 2500 824 2557 in
847 2518 880 2557 se
898 2499 1056 2575 religionis
1076 2515 1198 2557 sensum
1221 2495 1271 2555 ha·

59 2605 171 2671 beant,
198 2605 248 2661 vet
270 2605 379 2661 saltem
403 2619 519 2659 morum
550 2603 750 2677 perversitate
783 2603 825 2661 ita
847 2605 1057 2671 obscuratum,
1085 2614 1117 2662 ut
1139 2605 1220 2663 nulla
1241 2603 1271 2660 vi

61 2717 198 2777 naturae,
222 2708 302 2766 nulla
323 2716 567 2785 argumentorum
590 2707 725 2764 efficacia
748 2706 784 2763 ad
806 2709 904 2765 Deum
926 2708 1149 2785 agnoscendum
1171 2726 1270 2766 move·

62 2822 165 2880 antur,
189 2811 309 2870 nonnisi
327 2828 495 2886 perpaucos
517 2810 592 2877 dari,
614 2812 664 2887 qui
681 2821 839 2880 asserunt,
868 2814 934 2871 sino
961 2813 1047 2873 dubio
1065 2834 1082 2873 a
1098 2832 1172 2872 vero
1192 2811 1270 2870 haud

60 2919 167 2996 procul
187 2918 306 2975 absunt.
327 2911 420 2976 &cut
436 2919 533 2984 enim,
556 2924 589 2973 ut
605 2917 680 2974 bene
699 2916 842 2976 observat
861 2920 1131 2996 Augustinus,
1153 2934 1271 2992 magno

56 3026 165 3098 pietas
190 3038 383 3099 paucorum,
414 3023 462 3081 ito
488 3026 520 3081 et
546 3000 664 3097 maeno
691 3023 835 3097 impietae
864 3023 1070 3084 nihilominus
1096 3039 1269 3098 portaerem

59 3137 113 3190 eat
133 3132 173 3202 ²).
194 3126 316 3200 Quando
336 3135 435 3184 autem
455 3128 488 3186 S.
506 3127 666 3204 Scriptura
683 3130 813 3204 loquitur
830 3129 865 3188 de
886 3129 1076 3198 hominibus,
1099 3131 1134 3187 in
1155 3126 1271 3206 quibua

51 3251 125 3294 non
145 3237 257 3294 subeat
274 3235 409 3293 seientia
428 3228 491 3290 Dei
512 3228 539 3313 ³)
549 3273 562 3308 ,
593 3235 648 3311 qui
674 3237 746 3293 stne
776 3233 846 3293 Deo
869 3235 1008 3311 fuerunt
1031 3236 1066 3292 to
1086 3233 1145 3292 Itoe
1174 3248 1270 3290 mun·

51 3339 100 3398 do
122 3343 171 3417 ⁴),
192 3316 247 3417 put
266 3355 331 3397 noo
351 3338 507 3395 noverunt
523 3333 626 3394 Deum
649 3337 695 3414 ⁵):
717 3346 854 3414 apertum
874 3345 939 3409 est,
962 3337 1180 3414 degentilibus
1205 3353 1269 3392 ser·

41 3461 181 3503 monem
204 3459 288 3511 esse,
310 3444 359 3519 qui
377 3443 556 3519 ignorarunt
576 3443 673 3500 Deum
698 3460 804 3501 verum
826 3452 857 3501 et
877 3445 1014 3514 unicum,
1043 3451 1073 3501 et
1097 3442 1135 3499 iis
1155 3440 1269 3498 servic-

35 3558 143 3618 runt,
166 3549 216 3624 qui
233 3557 339 3607 natura
358 3565 416 3605 non
433 3554 503 3605 sunt
524 3547 565 3604 dii
585 3552 624 3620 ⁶).
645 3546 734 3624 Apud
755 3549 901 3608 Ethnicos
929 3568 1002 3608 vero
1021 3547 1162 3608 atheismi
1184 3563 1269 3604 accu-

21 3649 122 3713 sati
144 3653 282 3719 fuerunt,
311 3653 477 3728 quicunque
499 3670 517 3709 a
538 3653 676 3727 populari
703 3652 827 3711 deorum
856 3656 937 3713 cultu
969 3661 1173 3715 recesserunt.
1203 3651 1270 3708 Hac

10 3757 102 3817 de
122 3775 214 3817 causa
236 3756 395 3816 damnatos
418 3750 465 3814 est
494 3755 530 3814 ab
551 3755 787 3817 Atheniensibus
819 3758 1029 3829 Socrates,
1063 3767 1092 3817 et
1123 3760 1269 3817 Anaxa·

97 4065 117 4128 ¹)
134 4065 174 4118 Gt.
193 4060 336 4125 wien,
362 4067 427 4117 last.
445 4064 527 4114 theol.
551 4059 671 4130 Ingoist.
694 4062 767 4116 1788.
793 4062 824 4113 Τ.
840 4063 866 4116 t.
887 4079 913 4130 p.
932 4066 965 4115 38
983 4078 1009 4116 s.
1034 4070 1062 4116 et
1089 4059 1268 4116 Tournet.

10 4150 136 4210 *arn
152 4158 233 4217 etesi.
251 4153 313 4205 cot.
331 4153 444 4219 Agripp.
463 4152 534 4205 1722.
553 4151 586 4205 Τ.
608 4153 632 4204 1.
649 4166 674 4218 p.
689 4154 723 4205 88
738 4168 763 4204 s.

98 4242 119 4311 'J
136 4251 222 4301 Serm.
242 4250 288 4297 70.
305 4249 339 4298 de
353 4248 423 4297 vert.
437 4247 544 4305 Eueno.
559 4259 583 4294 c.
600 4246 629 4296 2.
644 4261 668 4296 n.
685 4247 712 4295 3.
733 4244 802 4310 0pp.
819 4244 850 4295 Τ.
869 4247 896 4297 5.
914 4257 940 4296 c.
958 4245 1017 4295 381.

100 4326 119 4398 ³)
136 4339 200 4403 sap.
220 4339 260 4398 sa,
283 4340 305 4387 ι.

99 4422 239 4491 ¹⁰)1iphes.
256 4429 282 4488 2,
303 4429 344 4479 te.

101 4513 120 4581 5)
136 4519 161 4570 2.
180 4518 281 4568 Thess.
301 4518 324 4575 1,
343 4515 368 4564 8.

101 4600 122 4670 ⁶)
138 4607 179 4659 01.
197 4605 262 4658 nat.
280 4605 305 4667 ft,
322 4604 349 4656 8.
