2926 5168
119 354 237 430 pateat,
259 353 335 433 qnia
356 366 491 412 cacam
512 353 677 430 caritot,
700 350 800 414 iaaac
821 372 899 416 non
921 375 941 417 a
961 356 1235 436 semetipsis,
1257 361 1333 421 aad

122 463 170 517 at
193 458 288 535 atio,
310 461 511 533 nempeai
529 463 721 535 auctare,
744 460 1092 521 administrariet
1109 463 1227 540 reni?
1250 462 1332 538 Onia

120 563 221 623 cotem
250 562 300 622 dic
328 565 451 624 emoriri
478 573 510 623 et
534 568 643 623 tunam
672 574 762 624 nacte
789 584 963 642 apparere,
992 567 1241 647 immutabilique
1262 569 1332 645 icae

117 687 180 744 per
206 669 370 748 mancam
400 670 525 728 omnino
567 667 688 727 dmum
723 688 889 729 nnmerum
915 671 1098 731 decrescere
1123 677 1156 731 et
1174 691 1331 750 creauere,

120 779 218 853 atquo
238 791 282 832 em
309 772 467 832 cideritne
497 771 563 831 alia
584 775 710 852 qnidam
737 773 917 833 discurrere
944 793 1122 856 coarcacqnc
1151 780 1240 836 acme
1268 780 1331 836 irn-

119 883 255 948 matare,
277 875 345 935 ada
365 895 438 936 aero
458 877 636 936 inerrantia
655 883 834 937 constanter
849 883 966 938 mareri
988 880 1176 959 adcpicicnc,
1198 899 1261 940 aaa
1282 883 1330 940 in·

120 983 255 1059 teliiaat
277 982 617 1041 iliancceccario
632 987 679 1041 at
701 985 860 1062 opifice
881 983 1024 1065 atiquo
1042 988 1271 1061 aeternari
1291 988 1329 1056 ¹).

119 1084 219 1148 Addit
240 1082 543 1165 contemplationem
565 1081 751 1148 inferiorum
775 1084 883 1147 mundi
904 1086 1059 1167 partium,
1081 1086 1170 1150 velut
1192 1087 1329 1149 eiemen·

120 1202 229 1252 torum
261 1187 440 1252 contrarias
471 1187 556 1250 inter
587 1208 623 1251 se
651 1188 824 1272 qualitates¹
853 1201 886 1252 et
915 1188 1126 1263 efficientias,
1158 1210 1332 1254 armuacum

122 1304 361 1378 tempestatum,
385 1312 465 1376 quae
488 1292 664 1356 admirabili
681 1304 714 1355 et
730 1314 887 1378 nunquam
909 1294 1087 1377 interrupta
1108 1293 1331 1358 vicissitudine

121 1398 186 1462 sibi
208 1397 384 1462 succedunt
405 1395 553 1470 invicem,
575 1398 870 1483 contrariarumque
893 1419 1021 1471 rerum,
1056 1419 1098 1461 ex
1120 1399 1234 1483 quibus
1256 1399 1305 1463 ini
1322 1434 1332 1447 ·

120 1504 191 1566 rior
212 1501 264 1566 hic
286 1499 489 1586 potissimum
511 1501 647 1564 mundus
670 1501 805 1575 texitur,
836 1515 1026 1566 concentum
1058 1515 1091 1566 et
1120 1503 1331 1576 harmoniam,

123 1611 216 1692 cujus
237 1616 327 1670 tanta
347 1605 398 1668 vis
420 1607 479 1679 sit,
508 1617 558 1679 ut,
591 1605 652 1669 etsi
675 1606 847 1670 contrariis
882 1627 919 1671 ac
949 1619 1105 1691 perpetuo
1136 1627 1248 1671 aecum
1270 1628 1331 1689 pn-

123 1711 297 1800 gnantibue
319 1708 525 1794 qualitatibus
552 1711 738 1795 naturisque
761 1723 930 1785 constent,
959 1731 997 1776 ae
1026 1733 1063 1776 ce
1092 1713 1228 1776 invicem
1256 1710 1333 1774 inie-

124 1830 221 1890 stent,
244 1827 458 1900 perseverent
485 1825 610 1889 tamen,
638 1815 669 1878 in
698 1837 825 1879 omnem
847 1829 1027 1900 temporum
1057 1817 1332 1904 longinquitatem,

124 1943 183 1987 nee
216 1922 318 1985 altera
340 1931 509 1985 consumat
538 1922 672 1984 aiteram
695 1932 727 1984 et
749 1921 942 2003 exstinguat.
965 1922 1142 2004 diatonon
1170 1945 1224 1984 rec
1251 1925 1333 1992 ittae,

125 2027 242 2113 pergit,
265 2048 347 2110 qnae
366 2032 447 2088 inter
468 2046 505 2086 cc
521 2035 685 2104 perannat,
707 2034 738 2088 et
758 2031 937 2089 contrariae
956 2034 1052 2107 cant,
1073 2049 1111 2089 ce
1129 2031 1219 2107 ipone
1240 2027 1338 2087 cimai

123 2135 317 2212 copularent,
338 2136 402 2193 nici
423 2134 576 2214 aiiqnie
597 2135 784 2210 superior
806 2139 843 2192 ct
862 2133 1047 2193 dominae
1068 2152 1139 2192 eno
1161 2132 1334 2204 cottiae·

124 2247 198 2310 ret,
221 2240 273 2298 cni
293 2243 327 2297 ct
343 2242 414 2316 ipra
434 2238 607 2308 cleacenta,
638 2248 799 2317 tamquam
820 2241 905 2297 cerri
925 2238 1002 2297 tero
1013 2281 1026 2315 ,
1049 2245 1112 2298 tam
1132 2242 1253 2313 promte
1269 2256 1334 2315 pa·

125 2349 212 2415 rrnt,
241 2342 360 2403 cadunt
378 2347 409 2402 ct
429 2341 654 2419 obtemperant,
675 2349 712 2402 nt
730 2342 851 2402 nnllam
872 2361 979 2402 eornm
997 2345 1162 2420 propriam
1186 2347 1336 2402 naturam

125 2452 273 2524 spectans
309 2447 403 2507 alteri
435 2451 645 2524 adaercetnr;
676 2453 737 2506 ced
770 2447 898 2523 cinqata
933 2446 1105 2506 Dominam
1137 2446 1336 2520 caltiqantem

126 2554 339 2626 aanocaentia,
361 2551 560 2613 concordiam
580 2571 660 2626 erra
681 2572 717 2612 ae
737 2560 875 2623 careat,
898 2557 931 2610 et
951 2551 1153 2630 qrrnatamcia
1174 2551 1336 2608 contraria

126 2661 189 2718 rint
208 2665 340 2732 natura,
359 2655 568 2731 amarantis
588 2654 750 2715 aatnntatc
771 2661 882 2715 incant
900 2656 1070 2714 amicitiam
1091 2649 1129 2733 ²).
1157 2648 1250 2727 Quod
1272 2646 1334 2710 niti

127 2770 226 2832 esset,
250 2757 337 2820 addit
358 2757 504 2838 subinde,
527 2759 637 2819 arettae
659 2759 734 2818 ardo
756 2755 928 2837 (κόσμος),
960 2758 1020 2818 ced
1039 2759 1086 2816 nit
1106 2757 1170 2815 aiei
1191 2757 1336 2831 confacio

127 2861 285 2945 (auocato)
308 2865 487 2924 rideretur:
515 2863 563 2923 nit
583 2863 683 2922 aaa
704 2882 797 2922 annm
817 2869 978 2933 servaret,
1000 2861 1061 2921 ced
1079 2861 1185 2919 omnia
1205 2870 1336 2932 pertur-

127 2972 199 3031 tata
215 2973 346 3049 sorent;
366 2971 448 3029 atta
459 2970 653 3038 canaieteret,
674 2967 736 3027 ced
749 2978 865 3028 cuncta
886 2964 1165 3026 recentinatabitia
1182 2959 1229 3046 ³).
1254 2958 1336 3023 Cum

127 3072 226 3159 igitur
252 3082 341 3135 tanta
367 3075 410 3133 sit
431 3090 541 3133 rerum
572 3090 635 3132 non
667 3071 763 3133 modo
785 3069 1003 3142 diversarum,
1036 3067 1094 3129 sed
1116 3065 1214 3128 etiam
1235 3063 1335 3127 inimi-

129 3177 332 3242 cissimarum
363 3173 570 3238 consentiens
603 3184 635 3237 et
657 3173 840 3237 continuata
866 3171 1059 3257 temperatio
1066 3195 1082 3252 5
1111 3191 1182 3234 cnm
1202 3171 1285 3231 ninii
1302 3174 1337 3230 in

127 3286 275 3344 amorrca
304 3285 463 3344 incondite
484 3287 515 3340 et
534 3282 656 3341 turbide
666 3325 679 3359 ,
706 3280 768 3341 aed
794 3284 900 3341 omnia
925 3283 1079 3342 concinna
1106 3281 1338 3354 compositeque

128 3391 157 3444 et
187 3405 282 3465 qnam
315 3388 478 3464 opinante
508 3385 717 3445 cohaereant:
746 3403 918 3447 neaerae
947 3390 1008 3444 eet
1031 3386 1247 3458 dominnm,
1270 3382 1338 3460 qai

128 3491 207 3552 itta
225 3508 304 3549 nna
323 3492 601 3567 concreanoit,
624 3492 884 3549 constrinxit
902 3494 939 3547 et
957 3487 1208 3557 conciliarit,
1230 3502 1336 3543 men-

128 3600 162 3655 te
183 3600 222 3657 et
239 3597 491 3671 caritatione
513 3595 772 3669 attinqamnc.
793 3589 881 3651 Nam
903 3594 1028 3651 tametsi
1049 3592 1151 3651 oratic
1171 3608 1238 3650 non
1259 3606 1337 3648 con-

127 3703 277 3778 coicitur,
309 3717 361 3759 ca
384 3698 528 3760 ordine
548 3703 683 3758 tamen
705 3703 743 3757 et
763 3696 987 3757 concordia
1007 3715 1142 3756 reram
1162 3698 1338 3754 cantra·
1392 3715 1395 3719 ·

127 3808 310 3874 riarum,
343 3821 482 3864 aarum
503 3808 764 3879 moderator,
795 3810 934 3863 rector
963 3801 1338 3877 etimpcratorin-

128 3888 278 3984 tc'ttiyi
304 3907 442 3982 facite
468 3912 606 3983 potest.
634 3906 762 3968 aream
784 3904 1046 3986 quamadmodum
1066 3909 1095 3962 ai
1116 3905 1273 3962 civitatem
1294 3919 1339 3960 ecc

129 4017 233 4074 mattis
259 4019 355 4093 atqrcc
375 4014 510 4072 onerata
531 4011 727 4088 nominituo,
753 4007 885 4083 ancillis
916 4009 1104 4082 cinerario,
1131 4006 1281 4071 divititas
1310 4010 1343 4062 et

130 4121 328 4195 panpcritnc,
349 4117 478 4177 eandm
498 4120 532 4176 et
550 4115 812 4186 adolescentibus,
833 4117 912 4174 ciria
934 4119 967 4174 et
982 4113 1166 4182 mulieritnc
1187 4112 1340 4186 compoti·

165 4373 185 4436 ¹)
204 4376 269 4426 Con.
286 4376 385 4425 Gentit.
401 4390 427 4423 a.
445 4376 493 4423 35.
514 4371 585 4439 Opp.
603 4373 635 4422 T.
656 4374 678 4422 i·
697 4385 724 4438 p.
744 4370 785 4421 3't.

166 4457 187 4523 ²)
205 4463 247 4515 n.
266 4476 294 4512 n.
312 4464 423 4513 ao-ar.
443 4476 467 4526 ρ.
486 4463 519 4512 aa
538 4477 561 4511 c.

166 4545 187 4616 8)
204 4551 246 4604 lb.
266 4564 295 4607 n,
314 4553 357 4629 37.
375 4566 403 4620 p.
422 4553 465 4605 36.
