2926 5168
128 158 189 227 tat

127 315 306 392 confortata
326 317 396 390 est,
429 316 460 372 cl
478 330 542 373 nan
560 317 668 394 potero
690 319 734 374 ad
752 331 821 374 eam
852 307 886 394 ¹).
915 307 950 372 ln
972 307 1062 372 tibris
1082 306 1268 395 Regum,
1298 304 1329 370 in

128 416 251 481 cantico
272 417 402 481 Annae:
425 419 542 480 Deua
562 422 843 480 scientiarum
864 417 1067 478 Bortinae*
1086 424 1166 489 eet,
1197 420 1230 475 et
1248 416 1334 492 ipsi·

126 529 436 601 praeparantur
471 527 751 602 capitationes
781 522 816 606 ²).
849 521 885 585 ln
916 519 1006 584 lib'ro'
1031 518 1335 603 Estherss'quae'

127 645 224 690 orans
246 629 284 687 ad
306 624 428 704 Deum,
453 631 525 689 ait:'
543 628 674 708 Adjmm
694 650 752 701 me,
774 629 897 690 nauum
919 627 1009 689 aliud
1028 625 1186 687 auaritiam
1206 625 1330 686 laudea·

127 735 283 808 tenq‘nisi
303 722 333 792 ti
353 733 508 808 Domine,
532 738 598 812 qai
629 735 758 796 hadas
780 737 951 796 amariam
972 734 1198 793 scientiam
1221 726 1260 803 ³]-
1289 728 1328 791 in

127 834 463 929 Ecclesiastico:
490 838 694 913 Ooqnoatt
713 845 819 901 enim
839 839 1043 899 Dratinus
1065 848 1218 896 omnem
1247 837 1329 895 scta

127 949 310 1017 entiam,
339 949 381 1003 et
414 947 606 1022 inspexit
643 947 686 1005 in
716 946 878 1021 siquam
909 947 1023 1020 aea't,
1065 940 1328 1016 a'untmliane,

125 1068 226 1130 quae
245 1050 562 1128 praeterierunt,
586 1054 741 1130 atquae
760 1051 1207 1128 superacutara'eunt,
1224 1063 1327 1105 reae·

126 1156 221 1215 laras
241 1156 423 1231 aesrtqta
444 1154 700 1215 occultorum
722 1152 758 1236 ⁴).
780 1151 815 1214 in
838 1149 940 1235 Epist.
964 1150 1004 1212 ad
1025 1148 1167 1212 Hebe:
1186 1154 1237 1212 ἘΙ
1254 1168 1329 1211 non

126 1258 294 1320 catalla
309 1264 505 1319 creatura
526 1260 766 1319 invisibilia
782 1250 1066 1334 inconspecrit
1081 1248 1328 1332 esaaaomnia

126 1358 410 1436 a'ttte'm‘nada,
432 1369 624 1442 etape'rta
651 1371 749 1424 sant
769 1362 909 1424 oeulis
930 1365 1040 1439 ejus,
1063 1368 1107 1422 ad
1127 1378 1219 1441 quem
1241 1360 1329 1420 nadis

125 1488 228 1530 sermo
260 1475 310 1530 est
338 1466 372 1550 ⁵).
405 1465 450 1530 Et
481 1465 513 1528 in
548 1471 575 1532 1.
605 1465 711 1550 Epist.
733 1464 922 1529 ioannis:
953 1470 1092 1544 Maj0r
1122 1471 1190 1526 eat
1215 1471 1329 1526 Deus

125 1573 247 1634 corde
263 1578 417 1643 aratro,
440 1578 479 1632 et
497 1565 808 1654 norrttomatar).
824 1568 961 1633 Praeter
979 1569 1099 1633 haecce
1115 1579 1152 1631 et‘
1163 1567 1329 1631 innumera

126 1676 187 1739 alia
214 1677 248 1738 S.
275 1674 463 1759 scripturae
488 1675 576 1749 loca,
607 1694 687 1759 quae
712 1674 845 1738 'disertis
873 1673 984 1738 verbis
1010 1678 1191 1751 testantur,
1223 1673 1329 1736 Deum

125 1801 222 1844 nosse
243 1779 365 1854 omnia,
395 1800 498 1863 neque
521 1779 690 1865 quidquam
710 1794 781 1843 eum
807 1780 928 1853 latere,¹
949 1779 1062 1842 dantur
1081 1778 1185 1842 adhuc
1204 1768 1276 1869 alid,
1298 1777 1328 1840 in

124 1885 237 1969 quibus
269 1886 361 1950 Deus
384 1907 443 1970 per
472 1905 508 1947 se
540 1883 661 1969 perque
694 1884 875 1968 Prophetas
905 1883 1000 1948 fidem
1031 1883 1176 1967 ejusdem
1206 1881 1329 1947 faciens

123 1989 311 2073 inducitur;”
326 2011 406 2076 quae
426 2002 531 2053 tamen
558 1987 693 2063 afferre,
715 1998 826 2074 utpote
849 1989 996 2053 omnibus
1015 1988 1214 2073 nota‚'·²opus
1246 1986 1329 2051 haud

124 2104 184 2164 est.
606 2104 626 2113 ··
1131 2178 1133 2182 Ι
1230 2174 1232 2178 ¹

168 2210 189 2223 ·’
246 2202 287 2269 Β.
310 2201 375 2265 Sed
402 2221 462 2265 nec
484 2200 661 2264 Patrum
685 2198 738 2262 hic
759 2199 822 2265 loci
846 2219 983 2264 necesse
1009 2210 1061 2263 est
1081 2199 1232 2284 proferre
1259 2218 1329 2262 sen·

122 2307 248 2371 tertias.
279 2307 370 2386 Quod
394 2326 457 2370 non
480 2305 584 2393 magis
606 2296 783 2379 infinitum,
808 2325 901 2390 quam
934 2322 1214 2388 supervacaneum·
1240 2303 1329 2367 inre

122 2413 293 2477 manifesta
317 2420 356 2477 'ac
389 2413 427 2476 ab
454 2412 600 2475 omnibus
633 2409 776 2474 admissa
806 2409 899 2473 foret.
930 2411 1044 2494 Aliqua
1074 2412 1182 2473 tamen
1218 2427 1330 2473 eorum

122 2517 304 2582 testimonia
325 2518 358 2581 in
380 2516 525 2581 ulteriori
557 2514 709 2580 veritatis·
730 2525 862 2578 nostrae
886 2514 1090 2599 expositione
1118 2513 1256 2578 inferius
1279 2532 1329 2576 oc·

123 2635 265 2688 current.
1247 2632 1269 2642 “’

206 2727 298 2806 Quod
317 2738 423 2790 autem
454 2730 567 2789 attinet
595 2725 700 2809 ipsam
719 2725 955 2789 Ecclesiam
981 2725 1217 2790 universalem:
1247 2725 1330 2789 haec

122 2854 185 2896 non
208 2843 330 2895 tantum
352 2830 523 2894 veritatem
554 2842 700 2894 nostram
722 2831 761 2893 de
793 2829 898 2893 divina
928 2830 1151 2895 omniscientia
1180 2828 1329 2894 fideldrus

120 2950 269 3023 tanquam
291 2936 458 3002 articulum
477 2935 551 3000 fidei
574 2951 704 3019 semper
732 2954 770 3000 ac
796 2935 912 3021 ubique
940 2936 1054 3011 tradit,
1084 2936 1141 3000 sed
1169 2935 1269 2999 fidem
1298 2934 1328 2998 in

122 3043 257 3108 eandem
274 3041 359 3106 omni
376 3040 516 3104 suavita
534 3039 711 3125 profitetur.
815 3071 818 3076 ·
1107 3052 1111 3061 '

169 3162 171 3167 ’
204 3144 241 3213 C.
252 3147 524 3226 Quemadmodum
536 3168 615 3211 vero
626 3147 792 3222 revelatio,
801 3149 845 3211 ita
856 3147 951 3212 etiam
963 3149 1033 3232 ipsa
1043 3170 1061 3212 r
1072 3148 1158 3212 atio
1170 3147 1326 3214 infinitam

121 3253 184 3317 Dei
203 3252 368 3317 seientiam
394 3252 569 3316 indubitate
592 3254 695 3318 docet.
718 3253 802 3317 Nam
828 3275 901 3318 cum
923 3255 1015 3318 Deus
1032 3254 1064 3318 in
1092 3254 1179 3319 omni
1202 3274 1325 3340 genere

121 3358 353 3444 perfectionum
371 3356 515 3421 infinitus
533 3357 585 3430 sit,
609 3369 704 3447 atque
720 3358 857 3423 scientia
875 3358 1044 3422 manifeste
1062 3358 1093 3421 in
1111 3358 1244 3424 eximiis
1256 3381 1323 3445 per·

122 3462 310 3528 sectionibus
328 3473 530 3525 numeretur:
552 3462 584 3524 in
601 3452 673 3546 ipso
690 3463 825 3527 scientia
840 3463 923 3534 talis,
946 3484 1026 3549 quae
1045 3484 1118 3529 eum
1138 3465 1265 3540 deceat,
1286 3463 1322 3528 ab

120 3569 212 3634 omni'
228 3566 379 3632 videlicet
397 3566 638 3650 imperfectione
656 3589 792 3651 prorsus
822 3568 971 3633 immunis
990 3587 1028 3631 ac
1056 3566 1196 3642 infinita,
1230 3580 1318 3632 statn-

121 3675 201 3737 enda
225 3684 295 3758 est3
319 3693 415 3737 secus
440 3671 540 3755 enim,
565 3669 594 3734 si
610 3670 682 3756 ipse
704 3673 811 3736 omnia
833 3673 978 3737 absolute
998 3684 1089 3737 certa
1106 3684 1139 3737 et
1157 3675 1316 3759 explorata

121 3777 255 3840 scientia
272 3799 336 3841 non
353 3778 557 3860 pervaderet,
573 3787 606 3839 et
621 3776 649 3839 si
663 3775 890 3862 ipsumaliquid
904 3776 1006 3840 latere
1014 3788 1142 3860 posset,
1159 3777 1329 3863 perfectis—

122 3881 236 3954 simus
258 3903 319 3966 quo
336 3880 412 3945 nihii
429 3879 605 3965 perfectius
624 3881 805 3969 excogitari
822 3892 927 3968 queat,
949 3903 1012 3945 non
1028 3894 1127 3946 esset.
1260 3890 1264 3895 “

155 4094 178 4155 ι)
197 4095 245 4146 Ps.
266 4094 323 4154 138,
341 4095 420 4145 5-6.

155 4177 178 4234 ²i
199 4185 223 4232 1.
241 4183 314 4248 neg.
331 4185 357 4244 2,
377 4185 402 4235 3.

81 4249 87 4262 ’
154 4267 178 4336 ³)
197 4271 282 4322 nun
302 4273 342 4329 n,
363 4273 402 4324 n.

153 4359 178 4425 ⁴)
197 4360 284 4412 Ereti.
303 4361 346 4422 112,
366 4364 405 4415 19.

155 4444 179 4512 6)
196 4449 285 4502 Hebr.
303 4452 330 4514 t,
350 4451 391 4502 ta.

154 4533 182 4608 ⁶)
202 4543 225 4592 1.
244 4541 326 4595 Joan.
344 4541 370 4592 8.
387 4543 430 4600 20.
