2926 5168
126 249 167 318 10

121 407 194 472 unt,
227 396 285 460 sed
320 406 351 460 et
373 394 547 481 Theologo
579 392 812 457 commendant.
834 390 862 476 ¹)
892 388 1022 456 Etenim
1053 395 1189 463 rationi,
1221 400 1256 453 ut
1286 389 1331 452 ait

122 501 379 576 Cassianus,
403 522 467 564 non
486 503 574 563 obest
586 520 692 563 sermo
711 502 865 570 rationis,
889 505 921 560 et
943 517 1070 576 semper
1089 503 1207 560 ceritas
1226 501 1331 560 centi-

122 609 188 670 luta
211 607 286 688 plns
313 610 443 687 rutilat,
474 605 651 686 meliusque
678 610 729 667 est
747 608 891 665 errantes
915 604 1136 681 disputationis
1168 606 1333 665 curatione

123 717 257 789 corripi,
280 731 375 793 quam
393 730 551 773 censurae
570 713 739 772 severitate
758 711 915 771 damnari.
937 709 973 788 ²)
997 708 1102 793 Atque
1123 705 1333 770 Hilarius:

124 818 237 880 mecm
265 836 330 878 non
356 817 475 880 nudam
499 810 691 896 (indoctam)
720 815 892 892 Apostolus
923 819 1018 895 atque
1046 818 1169 894 inopem
1197 816 1336 875 rationis

123 922 270 1000 reliquit:
299 941 382 1003 puae
400 924 543 1004 quumvis
563 922 728 999 potissima
750 919 946 980 adsalutem
970 922 1034 999 cit,
1064 926 1170 983 lumen
1194 923 1259 981 nisi
1277 939 1337 996 per

105 1029 303 1089 doctrinam
322 1030 505 1088 instruatur
513 1070 526 1106 ,
559 1026 687 1087 latebit
709 1026 835 1105 quidem
857 1029 940 1085 inter
960 1025 1097 1086 aduersa
1117 1032 1217 1087 tutum
1241 1027 1336 1102 refu-

124 1133 234 1210 piendi
250 1151 431 1201 recemiro,
458 1149 524 1191 non
543 1133 639 1193 eliam
654 1133 803 1191 retinebit
822 1135 1017 1190 annotantem
1034 1131 1192 1192 obtinendi
1211 1133 1337 1191 securi-

127 1243 236 1308 tatem;
260 1242 396 1317 nilque,
413 1242 450 1299 ut
466 1238 647 1316 infirmibus
663 1242 741 1298 sunt
753 1242 828 1314 post
839 1239 956 1315 sapam
972 1242 1093 1315 castra,
1104 1255 1167 1297 nou
1189 1237 1285 1296 etiem
1304 1241 1342 1295 ut

128 1348 236 1403 caetra
250 1342 439 1403 habentius
455 1342 548 1402 adest
559 1344 705 1403 interrita
715 1341 880 1421 fortitudo.
904 1324 1154 1404 donterndendae
1169 1346 1246 1402 sunl
1264 1359 1340 1416 erpo

127 1448 301 1508 incolentes
320 1447 490 1509 adeersum
507 1447 611 1508 Deum
635 1447 865 1525 disputationes
872 1490 885 1526 ,
913 1452 946 1508 et
969 1447 1162 1508 destruendo
1180 1450 1340 1506 rationum

124 1555 294 1631 fallacium
311 1553 516 1626 munintenta,
540 1557 574 1613 et
588 1551 709 1612 eleuata
726 1551 771 1611 ad
782 1554 974 1630 impietatem
989 1553 1118 1628 inpenia
1136 1550 1340 1628 conterenda,

129 1677 188 1720 nec
204 1658 390 1720 carnalibus
406 1660 519 1737 arnus,
541 1663 601 1718 sel
615 1657 834 1736 spiritualibus
841 1678 857 1736 ,·
877 1675 937 1717 nec
957 1662 1089 1718 terrena
1105 1656 1261 1734 dochino,
1284 1655 1344 1716 sed

130 1765 260 1824 coelesti
274 1765 451 1840 sapientia:
472 1767 644 1843 alquanto
659 1780 767 1822 rerum
785 1766 964 1823 aminarum
979 1763 1256 1842 humanarumque
1272 1761 1343 1822 die·

131 1856 228 1929 cretio
251 1875 319 1946 ecl,
348 1872 438 1929 tanta
465 1870 552 1927 ultra
582 1871 711 1927 terrena
741 1866 849 1927 eludia
875 1870 958 1928 ratio
979 1867 1123 1928 coelectis
1145 1865 1289 1927 eccedut.
1312 1862 1341 1948 3)

135 1969 294 2034 Nimirum
317 1970 464 2056 quamvis
474 1969 515 2033 ad
535 1968 740 2053 repellendos
757 1989 795 2034 ac
817 1968 1005 2034 refutandos
1024 1968 1209 2035 haereticos
1226 1968 1345 2033 divinis

133 2072 312 2158 Scripturis
330 2094 369 2138 ac
391 2073 615 2160 dogmatibus,
638 2074 700 2138 hoc
723 2084 784 2148 est,
807 2072 948 2158 propriis
970 2073 1156 2158 disciplinae
1178 2072 1346 2160 principiis

133 2180 251 2243 nitatur
280 2179 490 2268 Theologus‚
521 2199 559 2244 ac
585 2177 794 2268 praecipuum
819 2178 852 2243 in
877 2177 918 2241 iis
941 2178 1056 2249 robur.
1083 2199 1122 2244 ac
1146 2190 1345 2243 momentum

132 2304 260 2371 pugnae
277 2283 418 2369 positum
433 2284 570 2351 hebeat:
592 2303 655 2347 non
672 2293 780 2348 tamen
797 2282 861 2347 illis
881 2282 962 2368 ipsis
984 2285 1040 2357 uti,
1063 2303 1124 2350 nec
1143 2304 1181 2349 ea
1200 2295 1344 2350 tractare

135 2389 276 2454 scienter
293 2408 382 2454 arma
406 2388 544 2473 poterit,
567 2387 596 2452 si
620 2387 756 2452 scientia
780 2388 961 2452 divinorum
979 2389 1165 2478 dogmatum
1184 2389 1226 2453 sit
1248 2388 1346 2452 desti·

136 2505 233 2559 tutus.

218 2598 356 2662 Omnem
374 2608 481 2663 temen
501 2599 618 2663 matum
646 2597 868 2683 philosophiae
886 2616 924 2662 ac
953 2597 1109 2664 scientiae
1133 2621 1226 2664 usum
1244 2596 1276 2662 in
1294 2619 1349 2664 ne·

137 2703 225 2791 gotio
246 2701 321 2767 fidei
346 2723 384 2768 ac
403 2701 607 2790 Theologiae
628 2703 727 2767 iidem
745 2703 807 2768 viri
831 2713 1009 2787 respuunt3
1040 2704 1093 2789 qui
1119 2705 1239 2790 duplex
1271 2725 1349 2768 esse

137 2819 254 2893 potest.
275 2807 405 2872 Primus
420 2807 472 2873 ilie
490 2819 552 2885 est,
575 2809 700 2895 quando
716 2809 787 2872 sola
802 2809 885 2872 ratio
900 2808 1054 2873 credendi
1070 2809 1102 2872 in
1119 2809 1255 2875 scientia
1272 2830 1348 2874 con·

138 2912 289 2987 sumitur,
312 2913 394 2976 adeo
411 2924 446 2976 ut
460 2913 536 2978 nulii
552 2911 703 2977 assentiri
720 2912 865 3001 dogmati
881 2911 988 2989 libeat,
1011 2915 1096 2999 quod
1118 2914 1187 2980 sola
1210 2914 1348 2979 auetori-

140 3028 206 3081 tate
222 3015 368 3093 constat,
399 3017 461 3082 nisi
483 3019 621 3083 humana
636 3018 880 3084 ratiocinatione
899 3019 971 3104 capi
988 3020 1183 3106 probarique
1199 3020 1351 3107 potuerit

141 3122 243 3200 Quam
273 3122 463 3210 sapientiam
494 3124 665 3189 humanam
697 3127 792 3210 atque
824 3124 1015 3190 mundanam
1046 3139 1173 3191 vocant.
1200 3128 1351 3190 Humano

140 3250 244 3310 ruens,
265 3228 310 3293 ait
331 3227 532 3304 Hilarius,
557 3232 616 3292 hoc
633 3233 736 3294 solum
756 3235 849 3311 sapit,
874 3232 960 3313 quod
975 3233 1141 3310 tarelupn,
1165 3239 1353 3295 elmundus

143 3334 201 3396 laec
216 3341 348 3408 tuntum,
370 3342 456 3417 quod
471 3342 584 3417 potest,
604 3338 712 3412 credit,
733 3338 910 3400 secundum
926 3342 1149 3399 elementorum
1165 3343 1304 3422 naturas
1322 3334 1356 3396 id

141 3445 262 3505 tanturn
286 3439 439 3516 possibile
454 3444 653 3518 ecieumans,
668 3443 760 3524 qnod
773 3453 832 3506 aut
845 3443 974 3517 rideret,
991 3452 1051 3505 aut
1066 3448 1184 3520 aperet.
1202 3439 1230 3524 4)
1250 3439 1353 3520 Quam

60 3600 84 3639 ¹.
139 3547 235 3613 nobis
256 3566 391 3632 prorsus
413 3565 477 3610 non
498 3565 597 3629 posse
620 3545 781 3622 sufficere,
804 3566 903 3631 porro
922 3546 1099 3610 adstruunt.
1120 3550 1229 3609 Nescit
1242 3548 1354 3627 plane,

143 3675 269 3734 sapere,
290 3650 392 3737 inquit
410 3650 496 3716 idem
518 3654 553 3717 S.
575 3652 710 3728 Ductor,
733 3657 789 3736 qui
805 3654 910 3717 Deum
930 3657 1043 3718 nescit.
1064 3658 1109 3715 Et
1131 3673 1201 3714 cum
1221 3657 1354 3730 eapien-

143 3765 188 3822 tia
211 3759 359 3821 Olriclere
379 3761 442 3839 sit,
469 3778 599 3822 necesse
620 3765 687 3840 eet,
715 3765 753 3821 nt
772 3749 869 3822 ectra
889 3761 1078 3840 sapientiam
1098 3760 1153 3837 eit,
1176 3761 1233 3838 qui
1256 3757 1355 3819 Olari-

145 3871 228 3927 rtum
250 3870 308 3928 ant
325 3866 470 3944 ipnorat,
492 3872 550 3928 ant
568 3868 653 3947 odit,
680 3864 711 3929 h.
733 3885 761 3929 e.
783 3863 847 3929 fide
871 3863 941 3949 ejus
964 3861 1143 3927 doctrinam
1165 3860 1249 3925 haud
1270 3859 1354 3926 reci·

181 4175 203 4242 ι)
222 4176 265 4228 ct.
285 4176 397 4228 clem.
414 4173 514 4229 Alex.
532 4173 641 4228 Strom.
657 4171 677 4229 l.
693 4177 719 4226 o.
737 4187 764 4227 n.
779 4174 818 4229 ts.
842 4172 876 4228 Τ.
893 4176 920 4229 2.
939 4187 966 4242 p.
982 4173 1031 4226 sen
1047 4188 1073 4227 s.
1090 4171 1292 4238 Augustis.
1311 4172 1358 4223 De

215 4266 306 4317 doctr.
321 4265 431 4318 christ.
450 4264 468 4319 Ι.
488 4266 513 4315 2.
530 4277 556 4317 c.
569 4265 610 4316 ³1.
622 4265 666 4316 ho.
681 4277 710 4316 n.
727 4263 836 4316 hil-ht.
853 4265 963 4315 oo-or.
983 4264 1053 4331 0pp.
1072 4263 1107 4314 ed
1126 4277 1151 4316 o.
1171 4264 1204 4314 T.
1220 4266 1246 4315 3.
1266 4275 1290 4313 o.
1309 4265 1357 4314 38.

215 4356 257 4407 02.
273 4369 299 4407 ιι.
317 4355 465 4420 oregor
483 4356 532 4408 Na
544 4367 571 4405 n.
588 4353 639 4405 or.
655 4353 699 4405 2⁰.
718 4350 790 4417 opp.
806 4349 850 4403 ed.
869 4363 894 4404 c.
913 4351 946 4407 Τ.
965 4350 985 4405 l.
1004 4364 1029 4406 e.
1047 4354 1106 4404 300.
1126 4363 1151 4404 c.

181 4443 399 4512 ²)De1ncarn.
418 4446 439 4500 1.
461 4448 484 4500 1.
503 4459 529 4497 e.
545 4446 572 4496 0.
592 4443 663 4510 0pp.
682 4458 709 4510 p.
728 4443 788 4494 ote.

181 4529 206 4600 ³)
223 4537 266 4586 De
284 4535 384 4589 Trinit.
402 4535 421 4589 1.
441 4535 481 4587 12.
499 4549 526 4587 ιι.
544 4536 588 4587 20.
606 4532 676 4600 0pp.
695 4531 739 4585 ed.
758 4546 782 4585 o.
800 4532 831 4587 T.
849 4534 875 4586 2.
894 4544 918 4586 c.
936 4531 987 4584 httl
1004 4546 1028 4584 s.

181 4620 207 4692 ⁴)
224 4625 269 4676 De
287 4623 387 4681 Trinit.
404 4623 424 4679 1.
442 4626 467 4678 8.
485 4637 513 4678 ιι.
531 4622 575 4678 00.
593 4620 635 4678 m.
653 4635 678 4678 e.
694 4621 744 4676 251
764 4636 788 4676 s.
