2926 5168
1239 183 1300 261 15⁷

102 345 423 422 contemplantur
445 343 854 423 touoretmaloc1).
879 377 916 387 -
943 336 1090 405 Omuec
1110 345 1204 407 riae
1226 347 1297 407 lto·

102 451 223 512 uiuis
247 455 388 527 pateat
416 449 549 512 oeulis
570 452 675 526 ejus:
703 451 925 526 spirituum
950 455 1205 528 ponderator
1236 458 1301 512 est

102 558 285 616 Dominus
317 553 418 629 2).111
444 550 790 617 Ecclesiastico:
823 551 948 614 Oculi
974 552 1139 615 Domini
1176 556 1298 616 multo

102 660 190 722 olus
218 661 462 723 lucidiores
490 664 597 721 suut
616 678 748 736 super
769 654 917 731 solem',
946 660 1298 736 circumspicien-

102 772 160 827 'es
180 785 315 828 omues
335 768 424 825 cias
445 764 673 842 homiuum,
707 767 747 823 et
772 763 1034 839 profundum
1062 765 1228 844 abyssi,
1258 777 1299 825 et

102 871 291 932 lominum
307 873 436 932 corda
455 874 666 930 intuentes
687 871 730 929 iu
751 869 1024 929 absconditas
1043 875 1190 947 partes
1207 876 1298 943 3)-
1366 930 1369 937 ,

102 979 232 1056 Opera
253 979 384 1037 omuis
405 977 555 1036 caruis
576 994 711 1035 coram
728 973 819 1043 iiio,
842 978 881 1034 et
898 991 982 1035 aaa
999 973 1298 1055 estquidquom

102 1081 381 1143 absconditum
401 1085 446 1141 ab
469 1079 614 1142 ocutis
635 1081 735 1155 ejus.
756 1081 785 1141 A
805 1079 978 1141 saecuto
997 1098 1129 1161 usqae
1149 1083 1192 1140 iu
1212 1100 1296 1140 sae-

102 1186 227 1247 ·*utuat
256 1189 467 1266 respicit,
500 1191 539 1244 et
567 1184 677 1245 otltl
705 1183 1052 1245 est‘mirotiieiu
1073 1193 1299 1262 conspectu

102 1293 186 1367 rjus
215 1288 254 1372 ⁴).
280 1286 338 1351 Et:
360 1289 448 1351 Nou
467 1292 667 1367 praeterit
693 1289 817 1349 illum
849 1291 982 1349 outais
1004 1293 1239 1370 coqttotus,
1263 1298 1301 1351 et

102 1412 174 1456 iou
196 1395 416 1455 abscondit
445 1414 489 1455 se
510 1393 558 1453 ab
580 1412 624 1454 eo
655 1393 776 1454 ultus
796 1412 923 1453 sermo
951 1397 987 1472 ὅ).
1013 1391 1106 1476 Apud
1129 1393 1297 1458 teremi-

102 1519 169 1561 .m:
197 1500 245 1561 Tu
266 1506 369 1560 autem
389 1500 523 1560 Domine
543 1498 700 1571 autaut,
730 1499 785 1578 qai
797 1497 928 1575 judicas
941 1500 1032 1574 juste
1041 1543 1054 1577 ,
1083 1504 1114 1560 et
1138 1502 1299 1579 protus

102 1624 238 1678 ἐπε,
260 1613 302 1665 et
322 1604 465 1676 corda,
487 1605 610 1663 uideam
630 1605 778 1665 altionem
799 1608 885 1663 tuam
907 1622 950 1663 eu
972 1606 1018 1664 eis
1040 1610 1079 1678 ⁸).
1102 1640 1140 1651 -
1162 1610 1300 1668 Praouue

102 1716 141 1771 ot
164 1729 220 1770 cor
241 1713 392 1788 omnium,
414 1716 446 1769 et
465 1710 690 1771 inscrutabile:
712 1711 784 1789 quis
805 1714 973 1786 coouoscet
991 1709 1097 1771 illud?
1122 1719 1201 1789 Eoo
1222 1711 1299 1772 Do-

102 1816 231 1874 oiuuc
252 1823 448 1875 scrutans
469 1833 549 1885 cor,
572 1819 609 1875 et
624 1819 803 1893 probans
823 1831 969 1874 renes:
992 1815 1045 1892 qui
1067 1820 1107 1875 do
1128 1817 1300 1895 uuicuique

102 1924 191 1980 uxta
218 1924 301 1979 viora
328 1938 440 1999 mous,
470 1925 501 1979 et
519 1923 622 1996 juxta
645 1921 787 1998 strictum
817 1920 1073 1980 adinventionum
1104 1938 1238 1979 cuorum
1266 1917 1300 1999 7).

102 2022 159 2085 et:
192 2023 383 2085 Putasne
418 2031 523 2085 Deus
557 2046 574 2085 e
612 2030 750 2086 cicino
783 2045 855 2102 eqo
882 2045 977 2096 sum,
1016 2028 1093 2087 dicit
1130 2026 1300 2104 Dominus,

102 2136 130 2190 et
149 2147 225 2189 nou
246 2131 358 2192 Deus
380 2132 422 2191 de
444 2129 586 2207 lonae?
607 2130 655 2194 Si
676 2133 963 2194 occultabitur
983 2134 1044 2192 cir
1065 2133 1105 2191 iu
1126 2134 1300 2191 otocoo-

102 2236 221 2294 titio:
242 2241 284 2295 et
303 2255 375 2312 eqo
395 2255 473 2297 uou
494 2236 642 2318 videto
663 2236 773 2297 eum?
798 2237 875 2298 dicit
892 2239 1047 2297 Dominus
1075 2233 1299 2318 8).-()1ιι·ἰ·

102 2347 191 2400 stus
212 2334 415 2401 Dominus
437 2349 543 2402 autem
559 2339 618 2402 ait:
639 2349 683 2403 Et
703 2343 802 2403 Pater
823 2348 914 2420 tuus,
936 2345 1002 2422 qut
1023 2342 1139 2402 uidet
1157 2344 1200 2402 iu
1231 2346 1299 2401 ol·

102 2445 308 2515 scoadito,
336 2445 447 2506 reddat
463 2446 518 2506 titi
539 2443 576 2528 9).
598 2444 703 2528 Atque
720 2465 792 2508 cum
815 2444 1002 2509 Pharisaeis
1023 2444 1206 2530 disputans:
1236 2449 1299 2508 Vos

102 2551 187 2620 ertia
210 2551 265 2629 qui
275 2551 464 2630 justificatis
485 2571 541 2611 cos
558 2570 666 2612 corum
682 2553 878 2615 homiuibus:
899 2553 1006 2614 Deus
1028 2559 1164 2614 autem
1185 2554 1302 2612 uouit

102 2655 231 2715 corda
250 2660 456 2726 vestram).
478 2653 523 2717 Et
544 2653 796 2755 Apostolus:
817 2653 1084 2739 Nouesjtulla
1105 2664 1302 2718 creatura

102 2758 354 2820 invicibilis
375 2764 416 2822 ta
438 2767 668 2840 conspecta
688 2766 799 2840 ejus:
823 2765 957 2824 omnia
979 2767 1111 2823 autem
1131 2769 1304 2825 uuiaet

102 2870 255 2940 aperta
283 2872 378 2926 suut
403 2865 543 2945 scutis
576 2869 682 2943 ejus,
711 2867 755 2925 ad
782 2885 873 2945 quem
901 2867 992 2928 nolte
1012 2886 1135 2940 sermo,
1158 2861 1177 2928 i.
1201 2885 1228 2929 e.
1250 2863 1300 2929 cui
1401 2855 1406 2873 '

102 2988 161 3032 nos
183 2968 257 3032 olim
276 2991 386 3033 sumus
404 2969 561 3033 rationem
583 2967 738 3032 reddituri
761 2971 812 3053 11).

139 3075 170 3154 β.
193 3073 298 3137 Porro
315 3073 404 3138 novit
419 3073 511 3138 Deus
526 3073 630 3137 omnia
649 3073 885 3157 praeterita
901 3085 934 3138 et
950 3068 1103 3150 futura,
1127 3071 1300 3162 etquidem

105 3196 165 3241 non
186 3188 310 3241 tontum
329 3177 602 3252 necessaria,
635 3178 693 3240 sed
718 3189 751 3242 et
773 3179 1070 3269 contingentia
1092 3193 1133 3245 et
1154 3180 1301 3246 libera.

184 3287 421 3346 praescientiam
434 3288 464 3344 in
481 3290 546 3346 Deo
563 3288 685 3364 negavit
700 3289 840 3347 Cicero
861 3291 901 3366 ¹²)
925 3289 1081 3366 ignorans,
1104 3308 1161 3366 qua
1181 3293 1301 3349 ratione

108 3385 154 3450 illa
177 3392 335 3451 conciliari
362 3393 459 3469 possit
481 3410 548 3452 cum
570 3391 723 3452 hominum
753 3393 850 3453 libero
873 3395 1016 3465 arbitrio,
1046 3407 1075 3455 et
1104 3396 1184 3464 hinc,
1207 3407 1238 3456 ut
1261 3399 1301 3454 ait

112 3531 378 3558 ··-·----η

134 3600 158 3663 1)
177 3600 264 3653 Prov.
286 3602 326 3663 15,
344 3602 369 3651 3.
407 3580 409 3584 ’

130 3684 159 3754 ¹)
178 3687 266 3743 Prov,
286 3693 326 3753 16,
344 3692 371 3743 2.

128 3776 158 3844 3)
178 3778 269 3837 Eceli,
286 3782 328 3839 2³,
346 3780 390 3830 28.

124 3867 158 3934 ⁴)
178 3868 271 3922 occu.
288 3872 330 3931 so,
349 3871 459 3923 21-15.

122 3952 155 4028 5)
175 3958 265 4012 Εοοὶί.
282 3961 326 4020 42,
342 3961 385 4011 20.
405 3960 450 4013 01.
469 3961 509 4023 15,
527 3961 569 4014 20.
588 3962 628 4022 10,
646 3962 689 4014 20.
709 3963 750 4021 17,
771 3964 811 4013 13.
832 3964 873 4015 10.
896 3965 937 4017 17.
956 3963 997 4020 112,
1017 3964 1059 4013 18.

119 4043 542 4115 ἣωωωαηη

117 4133 155 4206 ⁷)
176 4141 241 4190 ter.
260 4139 301 4197 17,
318 4141 409 4191 9-111.
430 4137 471 4190 01.
490 4137 557 4203 Sap.
577 4140 600 4198 1,
617 4141 644 4190 6.

111 4217 155 4295 8)
176 4229 243 4279 lert
260 4226 304 4289 23,
320 4228 431 4278 23-2'4.
449 4226 491 4279 Cf.
511 4229 551 4289 16,
572 4230 611 4279 17.
631 4229 668 4278 ls.
686 4229 727 4286 29,
749 4230 856 4283 15-16.
875 4229 947 4285 Hos.
965 4232 990 4293 7,
1009 4232 1033 4280 2,
1053 4230 1117 4284 lob.
1131 4233 1174 4293 31,
1192 4232 1303 4283 21-22.

107 4309 155 4384 ⁹)
175 4317 281 4370 Matio.
299 4319 325 4379 s,
343 4317 370 4369 o.
387 4317 413 4367 o.
432 4316 474 4368 cs.
491 4319 533 4370 se.
932 4336 935 4348 ·

117 4405 173 4474 ¹⁰)
193 4409 266 4460 11110.
285 4409 326 4472 16,
347 4409 385 4458 15.

106 4491 174 4562 ¹¹)
193 4496 283 4551 Hebr.
302 4497 327 4558 11,
346 4498 388 4550 13.

116 4585 175 4662 ¹²)
196 4594 239 4645 01.
257 4593 299 4642 lte
317 4590 371 4641 clir.
390 4593 410 4642 1.
429 4591 459 4640 2.
478 4606 502 4642 u.
522 4590 548 4639 7.
