2926 5168
1213 225 1364 292 155·

158 379 433 458 Quemadmodum
459 387 565 441 antem
588 387 712 440 certum
738 398 776 441 ac
794 378 1023 454 indubitatum,
1046 378 1151 442 Deum
1168 376 1274 442 omnia

71 483 318 572 cognoscibilia·
338 485 433 548 modo
474 480 723 567 perfectissimo·
742 502 869 559 nosse·;·
897 484 942 548 ita
980 503 1104 569 quoque
1148 496 1275 567 certum

71 609 111 654 ac
129 587 332 653 manifestum
350 598 413 669 est,
435 587 541 650 Deum
558 597 704 670 spectato
723 587 850 670 objecto
867 589 940 674 ejus
958 587 1100 654 infinitae
1119 587 1273 654 scientiae

73 693 250 779 speciatim·
264 712 364 756 nosse
383 688 621 778 perfectissime

127 822 130 829 ¹
199 799 237 866 Α.
266 796 549 880 semetipsum.
581 794 708 858 Etenim
737 794 765 858 si
788 796 880 860 Deus
908 796 1014 862 omnia
1042 796 1275 885 cognoscibilia

71 903 310 987 perfectissime
333 900 518 990 cognoscit:
546 919 625 985 prae
656 901 802 966 omnibns
832 923 869 966 se
889 902 995 986 ipsum
1017 917 1197 990 cognoscat
1218 922 1273 965 ne·

71 1026 168 1074 cesse
190 1008 476 1093 est,*'at·quidern:

154 1135 181 1178 a.
204 1113 396 1202 cognitione
424 1114 619 1197 adaequata,
643 1113 909 1196 comprehensiva
940 1133 978 1178 ac
1008 1112 1148 1197 inlinita3
1182 1131 1278 1196 quum

77 1218 198 1283 infinite
220 1213 450 1306 cognoscibilis
478 1217 529 1281 sit.
552 1217 624 1295 Quo
655 1235 754 1280 sensu
784 1216 829 1280 ait
855 1206 1103 1300 Apostolus:
1133 1217 1279 1298 Spiritus

71 1329 158 1386 entim
175 1323 265 1408 (itai)
288 1329 394 1395 omnio
413 1328 588 1401 scrutatur,
610 1325 723 1383 etiam
742 1325 1065 1402 profundebat.
1092 1323 1175 1398 Qttis
1195 1312 1280 1384 enim

70 1432 232 1491 dominnm
252 1434 330 1503 scit,
362 1448 443 1508 quae
463 1434 541 1489 sunt
559 1428 714 1496 donanis,
742 1431 807 1487 nisi
827 1431 961 1507 spiritns
982 1425 1136 1501 dominia,
1171 1431 1226 1509 qni
1246 1433 1280 1489 in

70 1539 138 1615 ipso
161 1537 234 1597 eat?
262 1539 307 1596 ita
337 1542 385 1615 et,
419 1552 526 1615 quoe
555 1533 636 1593 Dei
657 1542 783 1611 aunt,
813 1552 927 1594 nemo
958 1538 1163 1612 cognovit
1191 1534 1281 1594 nial

72 1643 254 1719 spirtius
281 1640 354 1700 Dei
376 1640 412 1717 ¹).
443 1636 487 1700 Et
513 1634 719 1698 Minucius
741 1635 881 1700 Felix:
913 1641 1002 1700 Deus
1026 1674 1062 1684 -
1087 1639 1175 1698 soli
1200 1639 1281 1698 sida·

72 1750 223 1816 tantus,
246 1751 426 1826 quantus
447 1750 517 1814 cst,
539 1726 666 1808 notua.
687 1743 789 1804 Nolis
809 1764 883 1805 vero
899 1745 944 1806 nd
963 1744 1153 1805 intellectum
1170 1746 1282 1821 pectora

74 1854 244 1928 anper-atum
266 1855 315 1910 est
331 1848 369 1929 ⁴²).
408 1878 413 1887 ·

153 1952 184 2014 h,
207 1951 398 2038 Cognitione
420 1949 566 2015 intuitiva
588 1971 626 2014 ac
648 1950 839 2025 clarissima,
862 1971 956 2034 quum
986 1971 1082 2015 secus
1108 1951 1188 2014 haec
1211 1970 1275 2012 non

77 2067 163 2120 esset
181 2056 325 2141 perlecta
338 2058 562 2141 ,Quapropter
580 2056 866 2141 Evangelista
884 2054 945 2119 ait:
968 2057 1071 2118 Deum
1092 2076 1183 2117 rtemo
1200 2057 1277 2118 vidit

75 2183 233 2245 unquam
254 2166 504 2239 unigenitus
534 2165 696 2235 Filius,
727 2166 797 2243 qni
827 2173 895 2225 est
921 2168 965 2222 ἑτι
992 2166 1086 2224 sinn
1114 2162 1274 2233 Putria,

75 2271 157 2345 ipse
179 2273 391 2329 enarravit
411 2270 446 2346 ³).
474 2243 579 2349 Atque

69 2423 85 2439 „
153 2390 181 2433 c.
203 2371 387 2456 cognitione
403 2383 535 2435 aeterna
551 2391 589 2435 ac
603 2375 800 2443 necessaria,
821 2374 895 2455 quia
912 2369 1054 2456 cognitio
1074 2371 1114 2434 ad
1129 2381 1275 2433 naturam

76 2495 109 2540 ac
127 2476 303 2540 essentiam
322 2477 454 2561 spiritus
469 2475 583 2541 infiniti
602 2475 789 2541 necessario
806 2474 955 2558 pertinet,
979 2495 1040 2559 qua
1061 2476 1114 2539 ille
1135 2489 1200 2541 tam
1221 2494 1274 2558 pa·

75 2602 150 2654 rum,
175 2589 269 2664 quam
287 2580 358 2665 ipsa
376 2581 516 2645 essentia
535 2601 593 2644 sua
613 2600 727 2644 carere
746 2591 863 2664 potest.

153 2684 236 2750 Cum
257 2706 337 2749 vero
355 2686 460 2750 divina
478 2706 570 2750 mens
587 2706 623 2749 se
640 2686 749 2771 ipsam
761 2685 941 2750 intueatur:
964 2683 1153 2749 necessario
1179 2684 1274 2750 etiam

74 2790 187 2863 omnis,
208 2808 343 2875 quorum
363 2802 536 2864 causaest,
560 2812 618 2854 seu
636 2811 717 2876 quae
732 2789 805 2854 [ieri
818 2790 892 2854 inde
909 2792 949 2854 ab
966 2802 1100 2854 aeterno
1118 2790 1274 2866 decrevit,

72 2905 166 2978 prout
183 2906 216 2958 ct
237 2895 306 2970 illa,
328 2916 409 2981 qnae
423 2896 456 2960 iu
476 2916 513 2958 se
533 2897 620 2960 haud
640 2895 868 2981 impossibilia,
892 2915 949 2978 pro
971 2914 1030 2957 sua
1045 2894 1275 2979 omnipotentia

72 2998 202 3063 efficere
219 3010 338 3084 potest,
361 3013 393 3065 et
416 3001 543 3086 quidem
563 3022 626 3064 non
648 3001 881 3087 progressione
906 3001 1060 3084 quadarn,
1083 3001 1141 3063 sed
1161 3020 1225 3064 una
1243 3012 1276 3065 et

71 3103 207 3188 simplici
228 3105 355 3170 visione
376 3126 415 3171 ac
435 3105 648 3192 intelligentia
666 3106 747 3190 scit3
779 3126 882 3190 neque
905 3105 1038 3170 confuse
1056 3104 1275 3191 universeque

71 3209 242 3283 duntaxat,
273 3212 331 3274 sed
354 3211 502 3274 distincte
533 3230 572 3276 ac
595 3211 779 3298 singillatim
804 3211 961 3295 perspicit
986 3222 1018 3274 et
1040 3212 1275 3298 contemplatur

71 3316 197 3390 omnia·
209 3315 308 3380 etiarn
325 3315 539 3379 mirurtissima
555 3336 709 3402 quaeque.
731 3315 775 3378 llt
791 3316 864 3380 ideo

194 3405 348 3484 BsDeus
360 3419 450 3483 novit
467 3419 705 3504 perfectissime
722 3420 866 3495 omnia,
890 3440 989 3506 quae
1006 3432 1126 3485 extra
1142 3422 1273 3509 ipsum

70 3527 231 3601 dantur,
253 3527 320 3590 vel
343 3526 433 3590 dari
454 3539 643 3609 possunt.
664 3526 766 3590 Novit
784 3527 890 3612 itaque

152 3650 180 3693 a.
196 3629 301 3694 omnia
319 3630 444 3717 singula
462 3632 704 3708 existentia,
719 3633 826 3697 tamin
840 3654 888 3709 se,
904 3654 997 3719 quarn
1010 3630 1073 3695 κατ’
1094 3627 1274 3712 ἐπιφάνειαν,

64 3736 99 3802 in
115 3734 265 3799 omnibus
273 3735 341 3800 suis
350 3737 573 3818 relationibus,
588 3747 683 3823 atque
695 3758 737 3802 ex
752 3738 897 3802 omnibus
913 3739 1078 3823 partibus3
1096 3749 1128 3801 et
1145 3737 1274 3822 quidem

110 3865 140 3907 α.
163 3839 270 3904 omnia
296 3841 566 3923 praesentia,
599 3842 744 3927 quamvis
771 3843 890 3930 exigua
916 3855 949 3906 et
972 3843 1118 3926 abjecta,
1140 3843 1224 3906 bona
1242 3856 1276 3908 et

61 3952 163 4022 mala,
187 3945 283 4009 etiam
303 3944 407 4010 omnia
427 3948 536 4011 cordis
554 3958 691 4011 secreta.
721 3947 815 4025 Quod
840 3949 900 4013 SS.
923 3948 1123 4013 Litterae
1152 3947 1275 4033 passim

56 4072 108 4115 ac
127 4052 289 4116 luculenta
305 4049 546 4135 praedicatione
561 4053 795 4120 commendant.
818 4053 876 4118 Sic
887 4053 1010 4140 legitur
1024 4053 1057 4118 in
1071 4053 1122 4116 Ps
1133 4055 1167 4118 al
1179 4054 1274 4118 mis:

49 4157 230 4220 llccelsus
250 4160 424 4229 Dominus,
454 4164 487 4220 et
510 4159 684 4221 humilia
704 4163 900 4242 respici&
920 4171 964 4224 ct
991 4162 1085 4224 atta
1106 4162 1276 4240 alonae

110 4407 128 4469 ¹)
147 4415 172 4463 1.
190 4409 254 4460 Cor.
272 4410 298 4471 2,
319 4411 360 4459 10.
380 4413 418 4460 11.
437 4409 479 4462 Cf.
497 4410 599 4462 Mattn.
619 4411 660 4469 tt,
677 4414 721 4463 27.
739 4413 823 4461 Joan.
845 4412 869 4472 l,
889 4415 930 4463 18.

109 4490 129 4558 ²)
148 4504 243 4551 octav.
263 4513 288 4550 ο.
308 4503 355 4550 rs.
374 4500 406 4550 tn
425 4498 596 4556 cartana.
614 4504 684 4558 neoc.
702 4506 758 4554 rr.
777 4501 809 4553 r.
829 4502 854 4551 2.
873 4515 899 4569 p.
918 4502 979 4552 aot.
998 4514 1021 4552 c.
1041 4503 1064 4550 ι.
1085 4503 1118 4553 a.

108 4578 128 4650 ³)
145 4590 231 4645 duan,
250 4592 276 4652 t,
295 4588 337 4647 le·
