2926 5168
176 230 216 295 12

173 375 431 443 sterium'Haec
453 377 533 443 artis
549 381 709 444 humanae
726 383 843 458 peritia
851 425 864 461 ,
894 378 938 443 ait
962 379 1121 446 Petrus
1141 379 1384 459 Damianus,

174 489 204 545 si
224 486 350 567 quando
365 487 542 549 tractandis
557 489 661 547 sacris
671 486 806 568 eloquiis
820 486 997 557 adhibetur,
1014 506 1077 549 noa
1100 488 1189 550 debet
1197 491 1257 567 jus
1274 492 1385 569 mapi-

174 593 266 652 sterii
282 593 406 652 sibimet
427 601 618 669 arroqanter
639 593 792 670 arripere,
814 591 874 652 sed
889 591 976 653 velut
994 592 1112 654 ondita
1138 593 1282 656 mamae
1300 615 1386 677 quo·

175 694 248 754 dnm
264 696 446 770 famulatus
460 697 607 777 obsequio
624 697 823 777 subservire,
846 716 903 769 ne,
925 699 956 758 si
975 688 1150 777 praecedit,
1172 703 1318 779 oberret,
1341 705 1387 780 et,

175 800 250 860 brom
264 804 460 863 exteriorum
481 801 645 863 verborum
660 807 806 882 sequitur
825 806 1067 882 corasequentias
1074 846 1088 882 ,
1109 796 1238 866 intincae
1258 785 1388 866 uirtutis

176 905 294 984 mmm,
316 911 348 967 et
362 913 481 967 rectum
502 909 645 968 veritatis
666 909 823 967 tramitem
843 908 965 987 perstat.
989 912 1018 978 ¹]

259 1009 352 1074 Alter
379 1009 511 1074 sinister
541 1007 762 1094 philosophiae
797 1007 830 1071 in
855 1007 1040 1096 Theologia
1070 1032 1167 1086 usus,
1202 1033 1295 1098 quem
1324 1014 1387 1077 SS.

177 1113 295 1177 Patres
311 1125 405 1200 utque
424 1116 611 1201 Scriptores
630 1113 774 1198 priorum
792 1116 996 1178 saeculorum
1015 1128 1181 1201 respuunt,
1205 1128 1266 1192 est,
1288 1138 1388 1203 quum

176 1215 249 1292 ille,
272 1231 368 1302 prout
385 1240 404 1282 a
423 1219 580 1306 sophistis
599 1231 665 1283 tam
689 1218 874 1308 gentilibus,
897 1239 991 1305 quarn
1013 1220 1187 1285 haereticis
1211 1221 1333 1306 fiebat,
1355 1224 1387 1288 iu

179 1323 258 1386 solis
276 1325 510 1409 sophismatum
526 1323 622 1413 nugis
638 1345 677 1389 ac
696 1324 883 1411 praestigiis
899 1324 1076 1409 reponitur,
1100 1326 1140 1391 ad
1159 1347 1271 1391 veram
1288 1327 1389 1394 iidem

179 1431 405 1505 evertendam,
438 1442 471 1494 et
494 1429 796 1495 circumveniendos
821 1432 920 1495 rudes
944 1451 983 1496 ac
1004 1431 1178 1516 simplices.
1206 1433 1258 1496 De
1283 1433 1389 1500 hocce

178 1532 280 1597 abusu
309 1534 446 1619 loquitur
476 1534 743 1610 Ambrosius,
775 1556 870 1621 quum
902 1536 941 1598 de
970 1535 1100 1600 Arianis
1129 1536 1295 1603 disserens
1329 1539 1389 1604 ait:

182 1638 313 1702 Omnem
333 1647 395 1702 uim
422 1626 613 1704 osroenorum
635 1663 766 1704 snorum
786 1646 829 1704 in
842 1643 1008 1705 melectica
1029 1644 1242 1722 disputatione
1264 1651 1390 1709 consti-

178 1751 280 1817 tuunt,
302 1765 385 1827 quae
400 1748 662 1827 philosophorum
682 1753 841 1810 sententia
863 1750 1014 1826 definitur
1034 1767 1099 1809 non
1119 1752 1306 1812 adstruendi
1326 1755 1393 1813 oim

178 1850 309 1929 babere,
328 1844 392 1913 'sed
408 1853 546 1913 studium
568 1854 761 1915 destruendi.
790 1853 857 1915 Sed
872 1872 939 1914 non
961 1855 998 1914 in
1017 1856 1182 1916 dialectica
1202 1856 1396 1936 complacuit

178 1955 246 2016 Deo
268 1957 511 2037 sntonmfacere
521 1958 673 2037 populum
685 1977 788 2021 suum.
810 1957 987 2037 „iieqnnm
999 1962 1082 2020 enim
1099 1960 1162 2021 Dei
1180 1962 1215 2021 in
1232 1963 1392 2037 simplici·

179 2067 243 2122 tate
260 2064 337 2140 ilaei
359 2068 434 2142 est,
461 2081 527 2124 non
544 2066 578 2124 in
601 2067 798 2125 contentione
818 2063 1014 2125 sermonis.“
1036 2069 1066 2138 ²)
1088 2060 1192 2140 Quam
1209 2061 1393 2146 improbam

180 2164 362 2250 disputandi
376 2164 544 2241 ,solertiam
565 2165 597 2229 in
621 2165 761 2231 divinam
780 2164 943 2230 invasisse
965 2165 1155 2249 sapientiam
1172 2168 1394 2253 conqueritur,

180 2258 416 2357 Gregorius
438 2271 553 2347 Nan,
584 2272 637 2359 qui
667 2273 731 2349 ait,
761 2272 795 2338 in
815 2273 999 2339 Ecclesiam
1023 2258 1199 2356 irrepsisse
1221 2273 1394 2358 captiones

167 2374 384 2459 sophisticas,
406 2397 541 2461 pravum
567 2377 683 2443 artium
707 2379 988 2444 Aristotelicarum
1014 2376 1196 2454 artificium,
1221 2399 1259 2443 ac
1282 2378 1395 2444 Plato·

180 2479 271 2544 nicae
294 2481 461 2546 facundiae
482 2482 698 2570 praestigias,
731 2495 763 2548 et
794 2485 888 2570 hujus
907 2483 1039 2571 generis
1059 2481 1140 2557 alia,
1167 2484 1256 2548 velut
1281 2487 1396 2572 Aegy-

180 2584 305 2668 ptiacus
326 2587 480 2671 quasdam
499 2588 623 2674 plagas.
638 2595 668 2664 ³)
679 2582 771 2666 Quae
788 2586 872 2651 illius
892 2586 1089 2684 querimonia
1110 2587 1258 2652 crebrior
1278 2608 1318 2653 ac
1337 2610 1396 2654 ve·

181 2689 362 2754 hamentior
383 2690 483 2754 estin
500 2690 541 2755 iis
559 2691 777 2769 orationibus,
800 2713 879 2779 quas
897 2703 1012 2758 souma
1035 2686 1226 2756 Eunomium
1244 2693 1396 2779 scripsit;

182 2795 273 2879 cujus
297 2804 414 2882 arguta
439 2795 652 2882 loquacitate,
684 2798 744 2875 ait,
775 2819 814 2862 eo
837 2818 910 2889 'rem
932 2795 1102 2863 adductam
1122 2816 1215 2872 esse,
1250 2806 1287 2861 ut
1299 2804 1395 2877 peri-

182 2903 287 2963 culum
306 2907 368 2984 sit,
396 2924 438 2965 ne
460 2924 611 2982 maqnnm
633 2905 711 2985 fibri
733 2911 863 2967 nostrae
889 2907 1075 2981 mysterium
1097 2907 1218 2982 eniqua
1237 2906 1397 2986 quaedam

170 3003 318 3069 'articula
339 3028 412 3072 esse
432 3010 585 3071 uideatur.
607 3015 637 3085 4)
659 3007 753 3087 Quod
769 3008 866 3073 etiam
892 3009 989 3096 longe
1012 3017 1087 3071 ante
1105 3007 1285 3071 cavendum
1302 3026 1394 3083 esse,

182 3123 351 3177 monuerat
380 3111 637 3201 Gregorius
673 3113 1035 3201 Thaumaturgns.
1071 3113 1122 3176 Ne
1161 3113 1397 3193 annqeiicam

181 3221 393 3297 scripturam,
424 3217 534 3303 inquit,
567 3213 726 3283 curiosius
746 3224 985 3305 inquiramus,
1005 3223 1129 3301 anate,
1160 3226 1192 3281 et
1221 3221 1407 3282 enucleatis

184 3325 373 3386 dictionibus
400 3323 626 3405 inhner·entes‚·
653 3347 693 3387 ac
715 3347 757 3389 ne
777 3331 981 3409 quaestiones
1001 3325 1257 3399 inextricabiles,
1280 3326 1397 3387 uerbo·

181 3447 315 3511 rumque
337 3433 553 3492 contentiones
573 3433 778 3512 seminemus,
800 3453 838 3495 ac
856 3434 989 3514 pianum
1011 3440 1042 3495 et
1059 3431 1210 3511 tantem,
1240 3430 1394 3492 euntem-

183 3555 244 3615 que
263 3525 475 3597 rectissimam
486 3539 564 3616 fidei
575 3554 754 3598 sermonem
768 3555 916 3616 asperum
933 3538 1144 3618 scabrumque
1162 3536 1343 3599 recidamus.
1367 3535 1395 3619 ⁵)

266 3637 355 3706 luter
375 3637 498 3722 scripta
521 3651 640 3715 tamen,
659 3660 739 3725 quae
758 3639 819 3705 hac
841 3652 949 3706 aetate
972 3641 1010 3705 ab
1032 3640 1203 3706 Ecclesiae
1220 3640 1397 3724 Scriptori·

185 3745 245 3809 bus
267 3755 403 3810 exarma
425 3754 509 3821 emit,
532 3744 652 3809 nullum
673 3745 827 3823 occurrit,
850 3748 934 3833 quod
957 3744 1137 3811 sententias
1157 3744 1302 3833 singulas
1319 3744 1399 3810 fidei

186 3848 390 3916 Christianae
408 3863 498 3917 certo
515 3850 651 3936 quodam
668 3871 756 3917 nexu
769 3851 940 3940 colligatas
955 3850 1135 3927 exhiberet,
1159 3862 1253 3938 atque
1266 3852 1397 3936 plenum

185 4054 433 4072 m

221 4163 245 4225 Ι)
264 4160 370 4231 opusc.
387 4165 430 4217 36.
449 4177 475 4217 c.
492 4165 518 4216 6.
537 4162 607 4231 opp.
625 4163 657 4216 ¹1⁸.
675 4166 701 4216 3.
719 4177 746 4230 p.
764 4165 824 4216 342.

221 4244 246 4315 ²)
258 4254 306 4303 ‘De
324 4249 386 4304 lide.
405 4251 424 4304 l.
445 4252 468 4304 1.
487 4265 511 4304 c.
530 4254 555 4304 6.
574 4265 601 4303 n.
621 4251 662 4305 42.
681 4251 713 4304 Τ.
730 4252 757 4307 2.
775 4263 800 4306 c.
819 4250 877 4306 461.

221 4333 246 4403 ³)
265 4338 313 4393 01⁸·
330 4341 375 4394 2⁶.
395 4341 428 4394 Τ·
441 4342 463 4393 l·
482 4354 507 4393 0·
525 4343 585 4395 403.
599 4342 637 4398 De

221 4424 248 4492 ⁴)
266 4429 433 4485 063314).
452 4445 477 4484 c.
496 4431 556 4484 467.
574 4434 610 4485 1).
746 4418 748 4425 ’

223 4512 249 4582 ⁵)
264 4518 307 4572 De
325 4521 437 4573 Incarn·
464 4527 493 4574 et
518 4510 563 4574 nb.
589 4519 632 4574 ci.
657 4521 783 4575 retas.
807 4521 849 4574 De
874 4519 961 4575 theol.
987 4518 1107 4585 dogmat.
1133 4517 1210 4571 Ptol.
1235 4533 1258 4573 c.
1278 4523 1302 4572 3.
1323 4534 1350 4573 ιι.
1369 4523 1398 4576 6.

259 4609 392 4677 Αιηνοτρ.
412 4611 488 4665 4766.
507 4611 540 4666 Τ.
562 4613 584 4666 1.
602 4624 631 4678 p.
648 4612 665 4663 8
683 4625 710 4666 a.
754 4619 757 4624 '
941 4620 944 4626 '
1101 4621 1104 4627 '
