2926 5168
137 231 179 298 58

139 379 289 448 Omnium
299 393 406 446 autem
422 383 703 469 praestantissime
724 381 832 447 Dion
846 381 974 466 ysius
995 380 1188 468 explicavit,
1217 383 1272 469 qui
1288 385 1345 449 do·

137 497 206 561 cet,
226 486 259 550 id
280 487 431 573 primum,
456 501 488 554 et
505 488 774 573 antiquissimum,
798 499 831 551 et
852 487 992 552 maxime
1020 487 1183 573 proprium
1213 489 1341 554 habere

134 592 258 667 Deum,
279 603 315 655 ut
333 593 377 657 sit
388 617 398 668 3
420 614 514 679 quem
526 595 598 658 ideo
614 605 712 658 vocat
732 615 802 656 ens
823 615 921 656 vere
940 598 1144 666 existens,
1164 600 1337 670 atomio,

134 718 215 779 puae
235 705 328 770 stant,
359 703 501 762 emittere
516 703 646 780 fatiens
668 689 776 781 (dator
796 688 848 772 da,
871 697 901 758 τὲ
922 702 980 758 aas
1001 690 1094 758 datos
1121 695 1258 759 ἁπάντων
1280 704 1337 762 οὕ-

137 798 294 883 aroaotda)
316 812 412 886 etque
434 811 468 866 et
486 801 522 869 ad.
542 825 614 868 me
638 811 830 881 temporum,
852 814 884 865 et
909 805 1074 865 saeculam
1104 823 1230 878 eoram,
1254 825 1363 886 qaae¹

132 909 274 970 existant
303 906 348 986 (ad
374 906 484 988 χρόνων
504 905 640 989 ὀντότης,
667 908 697 968 ad
726 902 798 968 aida
825 912 883 967 aaa
905 897 1009 988 ὄντων)
1037 905 1073 990 ¹),
1097 917 1130 969 et
1151 905 1214 970 ait:
1236 909 1334 972 Deus

133 1013 216 1074 enim
237 1031 313 1073 noo
335 1016 474 1094 paonis
500 1015 611 1076 modo
634 1009 681 1096 [oi
704 1017 764 1083 πώς
785 1010 889 1096 aliquo
925 1010 1038 1088 modo)
1060 1019 1128 1074 est
1147 1032 1221 1074 eos
1245 1004 1338 1094 (ds),

132 1122 192 1176 aad
210 1117 460 1193 simpliciter
488 1125 531 1180 et
549 1122 725 1198 infinite
746 1123 873 1179 totum
896 1136 992 1178 esse
1015 1123 1055 1178 io
1082 1137 1125 1177 ue
1158 1123 1339 1196 pariter

133 1219 376 1300 complemur
397 1229 437 1284 et
457 1226 728 1304 anticipans;
752 1222 953 1303 quamodrem
972 1224 1065 1282 etiam
1086 1222 1164 1283 Reae
1187 1225 1338 1289 saecuto-

131 1345 203 1387 rum
220 1329 421 1401 nominatur,
443 1330 522 1388 utin
550 1347 613 1409 qao
637 1334 668 1389 et
685 1347 784 1407 peaes
807 1346 899 1407 quem
921 1327 1094 1404 cujuslibet
1108 1337 1225 1389 esoeet
1239 1331 1283 1391 sit
1305 1335 1341 1391 et

131 1435 268 1509 constet,
301 1437 333 1492 et
360 1436 404 1492 tn
435 1452 511 1513 pao
539 1452 613 1494 nea
642 1438 745 1503 erat,
777 1451 852 1492 nee
883 1434 982 1503 erit,
1015 1433 1338 1509 nepaefaetum

131 1541 210 1608 est,
232 1554 360 1617 nepae
378 1529 455 1615 Μ’,
477 1556 613 1616 nepae
631 1539 735 1615 fiet,
754 1538 834 1596 imo
856 1555 933 1595 nee
954 1542 1017 1596 eut
1045 1533 1190 1611 (scilicet
1211 1535 1333 1612 datur,

130 1649 240 1722 utpote
268 1638 321 1724 qui
353 1658 450 1724 supra
473 1658 548 1702 esse
578 1637 700 1702 finitum
730 1658 769 1701 ao
798 1637 1081 1723 superessentialis
1103 1638 1232 1721 existit)
1240 1663 1250 1710 ;
1272 1644 1340 1704 sed

128 1747 197 1823 ipre
211 1751 261 1807 eat
277 1765 348 1807 erse
368 1746 461 1807 rebus
483 1742 594 1827 (causa
613 1742 809 1826 existendi),
831 1756 863 1806 et
873 1764 938 1806 noo
952 1750 1074 1807 tantam
1090 1765 1139 1817 ea,
1153 1755 1334 1829 quaesunt,

128 1850 187 1911 sed
209 1853 313 1926 ipsam
341 1871 413 1912 esre
439 1870 569 1932 rerum,
592 1870 636 1915 ea
655 1856 914 1929 propeterea
936 1857 1053 1926 ente,·
1074 1856 1143 1931 ipse
1173 1857 1222 1912 est
1246 1855 1336 1915 enim

133 1973 245 2015 aevum
268 1975 417 2017 aevorum
429 2001 442 2035 ,
470 1957 659 2017 emittens
686 1962 780 2016 ante
810 1974 919 2016 omae
950 1975 1098 2018 aevum.
1120 1991 1161 2005 -
1181 1957 1228 2020 Et
1253 1967 1334 2020 ante

129 2057 213 2119 attae
232 2061 308 2136 ejas
319 2062 578 2138 participationes
609 2054 680 2143 (apd
706 2064 763 2120 aeia
784 2049 882 2119 ἄλλων
903 2055 995 2121 αὐτοῦ
1016 2064 1158 2141 μετοχῶν,
1182 2059 1269 2146 quse
1288 2062 1334 2126 si·

33 2190 35 2194 ¹
127 2160 192 2223 mul
213 2161 373 2246 possidet)
398 2169 670 2246 praesuppoaitar
693 2172 797 2246 ipsam
822 2186 912 2240 esre,
934 2177 965 2228 et
987 2174 1038 2229 est
1064 2170 1168 2246 ipsum
1186 2189 1267 2246 per
1287 2192 1336 2233 se

126 2285 212 2328 etse
234 2270 404 2349 antiquitat,
415 2289 590 2349 paamesse
606 2289 665 2350 per·
680 2290 716 2330 se
730 2274 835 2343 attam,
850 2276 880 2331 et
887 2291 945 2347 per
960 2275 1203 2350 sesaptantiam,
1219 2279 1333 2359 ew).

125 2368 217 2434 Hune
233 2369 381 2453 Dionysii
403 2373 582 2437 doctrinam
600 2393 638 2437 ao
661 2372 853 2437 sententiam
874 2372 1016 2438 illustrat
1030 2366 1344 2461 affirmatque-,Mel

130 2472 289 2548 ximus,
320 2475 389 2558 ejus
412 2475 597 2560 interpres,
620 2477 672 2561 qui
693 2498 727 2538 ao
749 2474 1038 2563 aiaarpraeoipuam
1058 2490 1091 2542 et
1107 2482 1328 2567 praestantis·

125 2583 239 2644 simum
257 2577 431 2644 divinitatis
457 2592 569 2645 notam
599 2601 674 2645 esse
706 2581 843 2657 asserit,
874 2603 976 2667 aqua
998 2583 1060 2648 sibi
1083 2604 1199 2648 nomen
1222 2587 1331 2653 adsci-

123 2683 179 2746 vit.
202 2685 273 2748 Hoe
293 2705 419 2760 nomen,
439 2684 495 2765 eit,
516 2693 664 2767 imposuit
676 2691 736 2751 siti
751 2689 857 2763 Deus,
880 2710 951 2751 eum
967 2691 1071 2754 attuit:
1093 2698 1200 2770 „Epo
1222 2715 1330 2771 sam,

123 2794 196 2869 pai
217 2794 350 2853 aam“.·
371 2813 391 2853 a
412 2812 472 2874 pao
494 2795 611 2856 ideireo
627 2800 835 2856 consentanee
862 2795 1013 2856 laudatar
1042 2802 1116 2858 ante
1138 2796 1215 2872 alia,
1240 2821 1327 2882 puae

123 2896 161 2957 de
181 2899 250 2974 ipro
272 2897 441 2971 dicantar,
463 2903 575 2976 qualia
598 2911 689 2973 sant,
711 2919 827 2961 nomen
855 2906 957 2974 ottae,
989 2904 1166 2978 sapientiae
1197 2910 1232 2965 et
1259 2911 1329 2969 otia

88 3007 91 3011 '
123 3002 287 3077 ejmmodt.
308 3004 449 3064 Dicendo
478 3009 584 3064 autem
606 3009 697 3080 prius
737 3024 809 3065 esse
851 3015 882 3066 et
911 3025 1010 3083 supra
1031 3025 1105 3068 eoae
1117 3053 1127 3082 ,
1150 3008 1330 3074 declaravit

123 3126 218 3170 esse
239 3108 315 3168 Dei
336 3127 485 3169 carere
502 3113 743 3187 principio,
772 3120 805 3171 et
833 3113 962 3190 penitas
989 3115 1200 3189 toteltipentia
1236 3136 1325 3179 oom-

119 3217 277 3291 prehendi
295 3232 360 3274 nort
379 3233 493 3291 posse,
514 3224 552 3276 at
572 3221 625 3296 pat
636 3216 936 3292 praedestinatione
953 3219 1142 3294 capnitiom's
1159 3238 1241 3282 auae
1271 3225 1323 3284 in·

121 3319 541 3399 effabilispraeprodaoeertt
554 3319 680 3379 omnino
703 3336 776 3377 ease
793 3323 915 3378 omnia:
937 3323 996 3380 ttae
1030 3325 1115 3381 enim
1144 3341 1219 3385 esee
1253 3335 1323 3390 sta·

121 3427 176 3484 tim
194 3424 299 3501 prima
326 3426 454 3484 notione
476 3442 567 3485 meno
588 3428 718 3500 eopttat,
739 3428 853 3500 postea
875 3427 934 3485 ttae
974 3435 1034 3486 aut
1067 3427 1131 3488 alio
1153 3436 1248 3491 neoda
1270 3433 1326 3494 itta

120 3548 194 3588 esee
227 3527 461 3606 contemplator·
491 3526 528 3610 ³).
567 3525 603 3588 ld
632 3525 739 3611 ipsum
769 3525 933 3614 edisserit
962 3526 1157 3611 Cyrillus
1188 3532 1323 3611 Alex„

122 3651 216 3715 quum
239 3630 350 3703 docet,
373 3627 406 3692 in
423 3629 494 3693 Deo
512 3629 555 3694 nil
577 3631 728 3696 accidens
750 3631 841 3706 dari,
864 3652 938 3696 nam
960 3633 1162 3698 solummodo
1193 3637 1225 3701 in
1251 3653 1335 3706 ente

110 3734 309 3798 'necessario
342 3733 448 3798 omnia
469 3736 656 3800 necessaria
678 3748 759 3800 sunt.
782 3739 887 3799 simut
914 3758 953 3799 ae
982 3743 1170 3818 totelttpttar
1202 3745 1302 3809 Deae
1314 3793 1328 3828 ,

121 3837 240 3923 inquit,
273 3842 367 3901 etiam
397 3845 547 3914 omnia,
578 3862 686 3921 puae
707 3845 829 3904 iltius
851 3849 953 3904 sunt
972 3847 1351 3930 intetttpantur5

119 3945 409 4026 nepueallam
437 3948 643 4008 occidens
671 3954 713 4009 ta
748 3955 840 4025 ipso
867 3959 1018 4024 potest
1046 3951 1257 4032 toteltipi
1288 3965 1330 4034 ⁴).

122 4048 268 4136 Egregie
285 4049 325 4111 de
346 4068 384 4112 re
405 4061 517 4112 nostra
532 4049 674 4135 disputat
689 4069 813 4135 quoque
847 4050 990 4114 Hilari
1002 4072 1063 4126 us,
1094 4052 1146 4137 qui
1173 4056 1377 4128 adductisf

153 4305 176 4368 ¹)
194 4309 234 4356 De
252 4307 308 4357 dio.
326 4308 427 4356 nomia.
446 4318 470 4357 e.
490 4286 516 4354 d.
534 4305 562 4362 8.
580 4307 609 4355 4.
627 4304 700 4368 opp.
719 4302 749 4353 Τ.
766 4307 790 4356 t.
808 4318 834 4370 p·
853 4305 912 4357 690.

149 4386 174 4458 ²)
193 4398 234 4446 De
252 4397 307 4446 dio.
321 4397 419 4447 nomint.
438 4410 463 4444 o.
482 4398 509 4445 6.
527 4397 556 4454 3.
574 4396 659 4446 4-a.
679 4393 712 4444 Τ.
732 4395 754 4442 l.
774 4407 802 4459 p.
819 4395 878 4446 otto.
898 4409 922 4444 s.

150 4474 175 4547 3)
195 4485 286 4538 Sciat.
306 4487 343 4534 ad
359 4486 469 4544 Dtoapa.
498 4487 593 4542 Areop.
612 4485 653 4533 De
671 4484 726 4533 dio.
740 4485 839 4536 nomin.
852 4498 877 4534 c.
895 4486 922 4533 5.
938 4484 968 4541 3.
980 4489 1008 4538 a.
1026 4483 1057 4536 lh
1077 4501 1103 4555 p.
1122 4489 1181 4541 708.

150 4568 176 4639 ¹⁰)
195 4575 237 4624 De
255 4575 348 4625 Trinit.
365 4575 443 4628 mat.
463 4576 493 4627 2.
509 4571 577 4640 Opp.
596 4573 630 4626 Τ.
647 4574 675 4625 5.
691 4572 724 4624 P.
741 4573 764 4624 t.
782 4585 808 4637 p.
822 4573 880 4625 tet.
