2926 5168
1214 233 1278 299 393

155 394 212 452 Ast
246 391 321 451 bsec
357 392 473 451 frustra
497 394 686 450 asseruntur.
720 389 799 447 llam
834 386 952 462 objecta
983 386 1207 461 Babylonensia
1246 395 1277 445 et

66 498 258 575 Aegyptiace
279 497 421 557 chronica
442 504 583 573 tanquam
606 495 688 554 omni
709 492 768 553 lide
789 493 939 554 historica
959 491 1103 552 destituta
1124 492 1161 552 ob
1183 493 1277 551 omni·

67 605 124 665 bus
149 603 224 662 viris
246 603 433 680 antiquitatis
454 601 564 679 peritis
585 601 774 676 rejiciuntur.
797 600 937 670 Varro,
960 599 1102 677 quiinter
1123 598 1277 656 Romanos

67 708 291 787 arebaeologus
314 708 536 768 scientissimus
562 705 739 776 habebatur,
763 722 858 764 annos
888 705 935 763 bis
969 705 1053 764 mille
1083 711 1151 762 aute
1174 721 1277 763 seram

67 812 274 874 Christianam
305 812 502 892 Aegyptiacis
543 812 635 871 rebus
665 812 814 889 assignat.
845 813 885 870 lit
917 818 1002 870 certe
1031 828 1121 888 quum
1153 811 1277 886 Moyses

66 918 165 978 libros
187 936 260 978 suos
283 936 387 977 coram
409 919 626 995 Aegyptiorum
656 925 747 995 geute
779 918 982 994 universoque
1012 915 1085 975 orbe
1108 918 1277 978 scriberet:

65 1025 181 1083 n'nllum
203 1033 324 1102 poterat
350 1032 420 1083 tunc
450 1031 674 1083 monumentum
697 1032 830 1091 exstare,
864 1041 920 1099 quo
950 1022 1095 1080 falsitatis
1117 1022 1205 1100 argui
1227 1041 1278 1099 po·

65 1130 186 1190 luisset.
208 1131 378 1190 Flavius
399 1128 611 1204 Josepbus
633 1129 664 1187 in
688 1146 743 1187 sua
765 1127 997 1205 Archaeologia,
1021 1136 1053 1185 ut
1075 1126 1280 1203 probabiliora

65 1234 212 1293 Romanis
236 1234 376 1294 redderet
397 1234 536 1293 Mosaica
558 1233 707 1302 instituta,
731 1251 790 1292 uon
813 1234 909 1291 semel
931 1232 1083 1291 imminuit
1106 1230 1188 1291 iacta
1209 1249 1277 1310 pro·

65 1339 204 1417 digiosa;
226 1357 376 1418 uunquam
399 1347 497 1398 tamen
528 1338 638 1416 aliquid
671 1341 809 1398 immutat
839 1337 875 1397 de
905 1338 1042 1398 Mosaica
1071 1336 1279 1416 chronologia,

64 1445 124 1504 imo
148 1463 214 1506 cam
237 1447 374 1504 consulto
397 1447 427 1504 in
450 1443 538 1503 libris
561 1454 668 1504 contra
689 1445 856 1521 Appiouem
880 1452 991 1504 tuetur.
1015 1436 1179 1512 Celsus,
1200 1439 1280 1501 inter

65 1550 226 1628 religionis
278 1550 472 1610 Christianae
516 1552 743 1628 impugnatores
793 1551 870 1609 satis
910 1549 1067 1621 eruditus,
1111 1550 1161 1626 qui
1212 1548 1282 1608 data

65 1673 160 1733 opera
183 1649 349 1714 creationis
372 1652 514 1733 epocham
536 1656 704 1714 Mosaicam
726 1655 922 1733 aggreditur,
945 1664 1014 1732 post
1046 1657 1150 1732 plures
1172 1655 1280 1712 irritos

65 1768 193 1819 conatus
216 1760 334 1819 undem
365 1762 415 1818 rel
442 1761 557 1819 invitus
584 1760 675 1819 fateri
706 1759 807 1819 debuit
841 1761 943 1818 mundi
971 1762 1156 1829 novitatem,
1186 1751 1282 1836 neque
1347 1780 1352 1787 *

62 1872 189 1942 gentem
212 1864 304 1923 ullam
326 1871 376 1923 aut
398 1871 622 1922 monumentum
646 1869 698 1923 aut
719 1862 831 1922 iactum
855 1865 1004 1942 reperiri,
1038 1866 1114 1942 quod
1138 1864 1281 1941 cpocbam

61 1989 83 2029 a
110 1970 219 2043 Moyse
250 1967 404 2028 definitam
436 1970 742 2046 praetergrederetur
773 1969 813 2044 ¹).
845 1971 975 2028 Domum
1007 1971 1280 2040 Democritus,

64 2073 240 2151 peragratis
272 2075 419 2150 Aegypti,
449 2073 638 2145 Chaldaeae,
668 2073 823 2142 Persidis,
858 2074 1038 2152 Aethiopiae
1070 2095 1105 2136 ac
1141 2068 1282 2135 ludorum

60 2179 261 2256 regionibus,
283 2188 372 2255 prout
394 2178 491 2238 refert
512 2181 720 2256 Diogenes
742 2181 942 2239 Laertius·
959 2177 999 2261 ²),
1023 2183 1161 2241 omnibus
1184 2181 1270 2240 docu-

61 2284 174 2344 mentis
196 2282 301 2344 sedulo
323 2285 474 2356 excussis,
496 2287 525 2343 in
550 2286 712 2344 Graeciam
735 2284 855 2343 taudem
878 2304 912 2345 se
934 2286 1109 2365 recipiens,
1130 2286 1271 2345 muudum

61 2406 173 2450 recens
195 2399 294 2450 ortum
317 2390 532 2464 proclamavit,
559 2406 615 2447 nec
638 2389 731 2446 ullum
753 2398 977 2447 monumentum
998 2388 1170 2449 'l'bebarum
1191 2388 1270 2449 bello

13 2518 16 2529 ·
61 2503 112 2556 aut
134 2492 246 2568 'ProJae
268 2492 386 2552 excidio
409 2495 559 2570 antiquius
583 2493 713 2570 reperiri
735 2494 908 2554 affirmavit.
942 2525 978 2538 -
1009 2496 1070 2552 Nec
1093 2495 1192 2571 magis
1216 2494 1272 2552 lir-
1320 2480 1322 2482 ’

61 2618 144 2660 mum
165 2597 392 2658 fundamentum
421 2600 564 2658 constitui
597 2605 700 2676 potest
725 2600 756 2658 iu
785 2599 964 2659 sinensium
994 2599 1162 2658 annalibus.
1190 2599 1270 2658 'l'res

62 2706 143 2766 enim
165 2705 196 2763 iu
218 2703 350 2781 epochas
371 2703 527 2782 dispertiri
550 2713 688 2781 possunt.
719 2704 823 2763 Prima
855 2723 894 2764 ex
925 2706 1044 2783 integro
1067 2704 1272 2783 mythologice

63 2820 130 2882 est;
152 2805 261 2871 iabulis
284 2805 414 2870 anilibus
437 2811 534 2872 altera
551 2813 639 2888 piane
662 2818 780 2891 scatet3
802 2818 959 2887 postrema
973 2813 1109 2889 aliquam
1124 2812 1273 2872 historiae

63 2916 197 2995 speciem
219 2934 293 2993 prae
315 2933 348 2975 sc
369 2914 453 2976 ierne
475 2914 611 2985 videtur,
639 2935 715 2993 quae
737 2926 836 2976 tameu
867 2919 918 2975 vix
941 2915 977 2975 ad
1000 2925 1118 2994 tempus
1140 2920 1272 2979 vocatio·

64 3023 112 3082 nis
141 3019 307 3081 Abrahami
338 3021 475 3098 assurgit
506 3017 542 3103 ³).
577 3057 615 3067 -
645 3023 690 3082 Ad
721 3024 839 3082 iudicas
870 3042 943 3083 vero
976 3026 1173 3102 antiquitates
1196 3027 1272 3104 quod

64 3133 198 3205 spectat:
232 3144 250 3184 a
281 3123 436 3184 sodalibus
464 3128 633 3204 Auglorum
674 3124 831 3187 societatis
866 3130 996 3189 Calcutil
1030 3131 1273 3191 demonstratum

64 3225 121 3301 est,
145 3249 197 3292 eas
229 3247 287 3289 nou
311 3232 480 3290 ascendere
509 3235 588 3292 ultra
615 3233 791 3292 sinensium
813 3241 903 3312 atquc
931 3238 1150 3314 Aegyptiorum
1172 3222 1273 3296 duonu-

65 3340 166 3398 menta
188 3334 226 3419 ⁴).
249 3339 350 3395 llaour
372 3337 477 3396 Vcdae
500 3347 598 3398 autem
623 3339 779 3418 codicem,
811 3343 858 3399 cui
881 3349 967 3401 tauta
986 3344 1149 3420 antiquitas
1172 3351 1202 3402 et
1224 3359 1274 3401 su·

65 3445 196 3504 ctoritas
220 3441 420 3514 tribuebatur,
442 3444 552 3502 librum
575 3434 644 3503 esse
667 3446 823 3523 spurium,
852 3448 952 3506 critici
981 3467 1076 3526 nuper
1109 3446 1274 3524 deprehen·

64 3536 176 3610 derunt
191 3547 279 3624 ὅ).-
290 3547 457 3607 Praeterea
479 3550 677 3609 scientiarum
694 3559 783 3627 atque
804 3553 917 3611 artium
931 3552 1022 3612 initia
1040 3563 1070 3612 ct
1090 3540 1274 3630 progressus

11 3644 223 3738 „infantiam
254 3649 379 3730 generis
409 3652 530 3712 hnmani
564 3655 676 3715 invicte
707 3655 926 3719 demonstrant.
958 3661 1037 3719 Ante
1063 3659 1275 3719 Hebraeorum

37 3759 292 3839 'bogislatorem
315 3760 429 3818 nullum
450 3760 605 3839 indigitari
627 3744 729 3838 potest
750 3781 913 3840 germanae
937 3764 1151 3842 qualiscunque
1166 3748 1275 3824 ¹scien·

62 3860 126 3927 tlae
149 3864 327 3940 vestigium.
350 3865 523 3924 Cadmus
545 3869 626 3926 euim
648 3861 771 3945 ¹primus
793 3869 979 3946 perhibetur,
1004 3873 1113 3930 saltem
1135 3889 1178 3930 ex:
1196 3888 1276 3930 com·

59 3970 198 4030 munioni
220 3971 384 4047 sententia,
408 3972 458 4048 qui
480 3974 599 4032 litteras
623 3975 652 4033 in
683 3973 846 4034 Graeciam
868 3974 1010 4036 detulerit
1031 3978 1098 4039 Xll.
1121 3978 1276 4037 sutXVl.

97 4175 188 4240 'ich
206 4175 354 4242 origen.
371 4177 446 4229 dont.
466 4177 540 4230 Cels.
560 4180 578 4229 1.
598 4181 627 4230 1.
646 4195 673 4230 o.
692 4181 741 4231 20.
760 4178 830 4245 (lpp.
845 4178 878 4232 Τ.
898 4181 920 4231 l.
938 4191 964 4245 p.
981 4178 1042 4231 3³8.

97 4261 181 4329 ²)1..
201 4270 229 4317 9
245 4281 327 4328 seam.
347 4269 396 4317 36.

99 4362 126 4420 ⁸)
146 4354 192 4408 Gi.
209 4354 354 4407 Gerdll.
381 4359 526 4417 Soaaicd’
548 4361 694 4412 istrrssiooe
712 4363 865 4462 tectonica:
884 4365 926 4412 De
944 4362 1002 4412 Deo
1021 4370 1106 4413 creat.
1133 4359 1204 4427 0pp.
1233 4360 1277 4412 ed·

58 4444 148 4500 licut
166 4445 200 4497 Τ.
221 4448 260 4497 to.

101 4531 127 4598 ⁴)
146 4533 318 4587 cuneatior.
337 4537 512 4600 britannicae
532 4537 638 4588 Gener.
660 4505 1040 4606 imbittausius.
1113 4605 1115 4609 y

103 4618 128 4690 ⁵)
147 4623 191 4677 ci.
207 4627 377 4679 dessarcdes
395 4628 504 4682 celatia.
521 4626 559 4681 V
577 4625 619 4680 tt.
