2926 5168
157 210 236 289 tte'

235 361 342 435 Porro
365 369 394 433 si
416 369 506 434 Deus
527 380 562 433 ut
584 369 787 456 omnipotens
810 371 947 448 omnia,
968 373 1182 458 quaecunque}
1196 373 1357 459 promisit,

154 485 208 540 aut
229 475 442 541 comminatus
459 484 530 550 ost,
561 473 680 541 effectu
706 476 868 562 complere
894 486 1022 561 potest,
1052 487 1146 563 atque
1175 489 1212 542 ut
1232 477 1357 543 infinite

154 580 585 664 sanctus-etiamcomplere
604 572 690 645 vult':
713 567 901 647 necessario
918 600 958 647 ea
975 581 1147 667 adimplet,
1170 601 1208 648 ac
1228 582 1359 670 exequi·

152 696 218 766 tur,
239 702 300 748 seu
314 683 419 749 fidelis
436 684 468 748 in
486 685 555 748 suis
572 685 741 769 promissis
759 707 797 751 ac
817 682 1114 752 comminationibus
1135 684 1195 753 est.

237 782 396 854 Observ.
420 795 448 856 l.
477 790 667 854 Mendacium
697 795 825 866 Jacobi,
853 814 929 872 quo,
961 804 1061 856 matre
1090 775 1250 869 suadente,
1272 797 1360 856 bene·

153 898 315 958 dictionem
335 899 402 958 loco
425 898 532 956 fratris
554 898 613 956 sibi
636 899 807 957 conciliavit
830 895 876 979 ¹),
905 908 934 958 et
957 918 1034 978 quae
1056 909 1127 959 sunt
1155 901 1287 971 similia,
1310 920 1360 960 ve·

153 991 279 1063 racitati
302 1002 420 1062 divinae
449 1002 527 1062 baud
560 1003 691 1080 obesse,
721 1021 775 1078 pcr
805 1023 839 1062 se
867 1005 1066 1082 intelligitur3
1088 1023 1176 1082 quum
1198 1000 1287 1064 Deus
1308 988 1361 1066 illa

153 1124 248 1185 neque
277 1108 461 1184 imperasse,
491 1127 587 1185 neque
609 1117 749 1185 tauquam
775 1117 862 1168 recte
891 1109 972 1168 iacta
1004 1095 1190 1186 approbasse
1221 1094 1361 1181 dicatum

153 1221 241 1289 atque
263 1207 382 1271 nonnisi
404 1211 577 1290 ostendunt,
597 1216 695 1272 Deum
718 1231 833 1273 uaevos
848 1212 1014 1283 bominum,
1037 1215 1145 1292 quibus
1162 1232 1217 1274 sua
1240 1217 1359 1294 sapien·

153 1316 275 1375 tissima
293 1317 419 1376 consilia
440 1315 518 1374 haud
541 1325 728 1386 evertuntur,
751 1319 873 1376 minime
895 1319 1059 1394 impedire,
1082 1327 1171 1397 atque
1191 1320 1301 1379 iisdem
1324 1320 1360 1379 ad

153 1421 230 1480 fines
260 1438 332 1480 suos
360 1420 588 1498 consequendos
609 1424 663 1479 uti.
691 1423 794 1498 Neque
822 1421 914 1491 illud,
946 1422 1022 1498 quod
1042 1418 1130 1483 Deua
1151 1423 1360 1485 Abrabamum

147 1523 277 1598 jusserit
305 1525 398 1583 filium
427 1543 513 1584 suum
543 1527 722 1594 immolare,
753 1527 989 1584 immolationem
1019 1534 1119 1585 autem
1149 1527 1259 1587 deinde
1280 1527 1359 1589 baud

152 1631 351 1702 concesserit,
374 1631 438 1707 ejus
459 1631 619 1689 veracitati
640 1632 829 1690 adversatur.
858 1631 1070 1690 Postulaverat
1093 1632 1172 1690 euim
1194 1632 1360 1691 solummo-

151 1734 187 1792 do
208 1737 292 1794 Deus
315 1735 350 1793 ab
373 1733 553 1805 Abrabamo,
576 1744 607 1793 ut
626 1736 757 1794 animum
778 1744 914 1811 paratum
933 1735 1136 1794 filium'suuru
1158 1737 1281 1796 unicum
1303 1738 1361 1797 sibl

152 1839 343 1898 sacrificandi
364 1841 462 1915 palam
484 1839 677 1921 ostendere13
699 1839 777 1898 unde
798 1849 956 1918 autequam
981 1836 1011 1899 id
1033 1841 1252 1916 praestitisset,
1275 1842 1360 1901 Deus

151 1960 286 2024 proauo
315 1943 454 2004 absoluto
486 1945 516 2003 iu
544 1942 637 2004 vitam
667 1954 802 2003 nostram
833 1944 963 2002 dominio
985 1945 1225 2004 immolationem
1247 1947 1359 2023 petiit3

151 2056 307 2127 postquam
323 2059 421 2108 autem
447 2050 577 2108 animum
599 2068 685 2107 suum
708 2058 859 2125 promtum
873 2049 1092 2121 declaraverat,
1114 2049 1239 2108 eandem
1250 2051 1361 2112 renuit.

233 2151 402 2213 observ.
424 2156 452 2218 2.
474 2149 560 2232 Ergo
581 2174 679 2214 verax
704 2173 739 2213 ac
763 2155 861 2214 fidelis
887 2163 934 2212 est
959 2156 1063 2223 Deus,
1095 2173 1170 2232 ergo
1189 2142 1267 2214 vera
1291 2163 1361 2214 sunt

152 2255 215 2331 ejus
240 2258 376 2336 eloquia,
403 2258 490 2318 lirma
515 2277 550 2318 ac
579 2261 761 2318 inconcussa
787 2258 852 2332 ejus
880 2259 1041 2335 promissa.
1074 2242 1200 2319 coelum
1222 2262 1259 2319 'ct¹
1276 2268 1361 2319 terra

150 2348 331 2432 transibunt,
353 2364 447 2422 verba
468 2373 567 2424 autem
591 2364 655 2439 ejus
678 2383 736 2424 uon
759 2360 973 2442 praeteribunt.
1017 2412 1021 2418 .

233 2465 424 2547 Quapropter
689 2457 692 2463 ’

176 2598 179 2603 ·
234 2592 260 2633 a.
273 2572 410 2634 'firmiter
428 2575 552 2632 veritati
571 2574 723 2632 revelatae
741 2571 977 2643 adhaereamus,
1007 2579 1097 2649 atque
1120 2566 1240 2632 omnem
1263 2592 1360 2652 spem,

152 2662 227 2755 quae
246 2694 312 2736 non
332 2677 505 2755 confundit·
519 2672 569 2759 ²),
600 2679 629 2736 in
662 2679 733 2736 Deo
760 2678 962 2744 collocemus3
996 2676 1048 2736 sed
1064 2681 1109 2735 'et
1139 2677 1238 2736 minas
1261 2678 1359 2753 ipsius

152 2783 328 2852 timeamus,
350 2783 503 2852 scientes,
526 2783 677 2861 quonlam
697 2781 790 2842 Deos
809 2799 875 2843 non
895 2781 1050 2842 irridetur
1071 2776 1110 2861 8).
1134 2761 1233 2840 Simul
1256 2791 1358 2842 autem

232 2887 260 2948 b.
282 2890 381 2947 Deum
399 2889 551 2947 imitantes
570 2888 727 2964 loquamur
752 2888 918 2947 veritatem
944 2887 1170 2966 unusquisque
1187 2903 1261 2945 eum
1274 2904 1361 2965 pre·

150 2992 240 3052 aimo
259 2998 319 3054 auo
340 2988 381 3073 ⁴),
403 2999 492 3069 atque
508 2992 639 3051 ab'omni
654 2991 820 3060 mendacio,
843 2972 1044 3061 simulatione,
1068 2991 1252 3068 amphibolia
1271 3001 1360 3070 atquc

150 3096 274 3172 perfidia
296 3098 516 3158 abstineamus.
545 3096 611 3157 Vae
641 3101 723 3157 enim
753 3095 871 3174 duplici
899 3096 1013 3164 corde,
1036 3099 1068 3155 el
1086 3098 1238 3157 scelestis
1255 3095 1359 3168 taam,

154 3232 191 3245 -
212 3205 423 3279 etsspeoootora’
439 3184 564 3263 terram
583 3183 775 3280 lnyreds'enti
796 3182 921 3262 duodus
941 3202 1002 3260 ca‘a's
1024 3201 1071 3276 ὅ).

382 3440 384 3445 χ
453 3366 479 3450 ξ.
502 3364 570 3436 25.
593 3364 656 3434 12.
679 3356 1044 3434 munitissimus.

232 3520 315 3596 Cum
338 3518 507 3583 sanctitate
530 3517 716 3583 arctissime
736 3537 836 3601 porro
859 3516 1078 3604 conjungitur,
1101 3527 1134 3581 et
1163 3508 1358 3583 ex'illa'ne·

154 3625 305 3692 cessario
326 3624 474 3711 procedit
495 3622 617 3688 infinita
639 3621 702 3687 Dei
718 3620 914 3708 justitia.

234 3730 401 3816 Accipitur
416 3740 524 3793 autem
540 3728 592 3793 bic
602 3726 666 3792 loci
674 3726 865 3792 vocabulum
887 3726 1028 3812 justitiae
1042 3719 1244 3819 nequaquam
1261 3749 1359 3794 sensu

151 3834 273 3911 latiori,
311 3857 370 3924 pro
387 3832 568 3920 justitia
588 3831 740 3897 videlicet
760 3831 1005 3896 universali
1026 3852 1085 3897 seu
1106 3833 1256 3901 absoluta
1265 3879 1279 3916 ,
1300 3853 1359 3919 qua

157 4037 466 4060 Μ

187 4151 211 4212 ¹)
230 4147 303 4200 Gen.
319 4148 365 4210 27,
384 4148 397 4198 l
416 4160 460 4198 ss.

184 4232 309 4304 ¹)Rom.
327 4244 354 4302 b,
371 4240 396 4288 5.
499 4292 510 4299 ,

185 4319 209 4395 ³)
228 4325 293 4381 Gal.
309 4330 337 4392 ⁶,
354 4332 380 4380 7.
398 4326 440 4380 ci.
457 4326 540 4378 Rom.
557 4326 583 4385 2,
599 4325 625 4376 3.

185 4414 212 4481 ¹0)
230 4417 336 4484 prca.
353 4420 380 4482 b,
397 4418 449 4479 2b!

187 4501 211 4571 ⁵)
229 4505 317 4560 Eeclt.
336 4504 429 4572 2,·14.
448 4505 489 4559 Cf.
509 4503 562 4557 Pa.
581 4503 629 4565 ll,
647 4501 724 4552 2-3.
742 4500 783 4553 le.
798 4500 842 4563 ³3,
862 4497 1075 4554 15—16.zacb.
1093 4499 1127 4561 8,
1154 4499 1195 4551 16.
1215 4501 1264 4552 19·v
1274 4498 1354 4552 Prot.

156 4598 197 4661 ta,
216 4598 256 4653 ta.
273 4596 375 4649 Marta.
393 4600 418 4649 a.
436 4597 480 4647 ar.
