2926 5168
175 383 382 445 ambolus:
406 386 505 460 atoue
533 379 592 440 loa
616 384 713 440 totum
736 389 766 443 et
800 383 995 446 Trinitas
1022 391 1080 446 sit
1097 397 1275 466 proptor
1295 391 1384 467 pro-

171 492 390 567 prietatem
409 504 704 564 personarum,
735 497 768 549 et
796 504 905 550 nnus
926 497 1041 552 Deus
1064 482 1245 572 'propter
1276 498 1385 554 inse*

172 594 408 670 parabilem
441 594 727 670 diuinitatem,
757 597 841 654 siout
868 615 974 656 anus
1013 600 1271 678 omnipotens
1299 619 1386 678 pro·

170 706 266 781 pter
286 699 619 778 inseparabilem
641 703 1004 778 omnipotentiam:
1025 705 1071 764 ita
1088 712 1205 775 tamen,
1228 711 1265 766 at
1282 709 1386 784 etiam,

175 827 245 868 eam
264 807 303 865 da
319 805 459 883 sinpulis
477 808 663 885 quaeritur,
691 813 979 890 unusquisque
1002 829 1138 870 eoram
1161 818 1200 872 et
1219 813 1336 873 Deus
1356 820 1388 872 et

174 915 446 989 omnipotens
469 931 564 973 esse
584 913 816 987 respondeatur
823 937 838 994 ,·
860 934 932 975 eum
958 936 1032 977 uero
1055 922 1094 977 le
1114 921 1260 979 omnibus
1283 920 1386 989 simul,

173 1038 252 1081 non
275 1026 362 1081 tres
384 1020 454 1078 dii
481 1017 559 1079 uel
583 1024 668 1079 tres
699 1025 1019 1098 omnipotenter,
1049 1023 1123 1082 sed
1139 1041 1249 1084 anus
1271 1024 1386 1085 Deus

174 1127 457 1211 omnipotens;
478 1131 569 1186 tanta
587 1124 630 1184 ili
661 1131 711 1184 est
729 1129 774 1185 ia
795 1127 932 1187 tritus
953 1129 1280 1204 inseparabilis
1301 1131 1386 1190 uni·

175 1241 272 1325 tar„
288 1249 370 1312 qaae
395 1233 441 1290 sis
469 1249 507 1289 se
526 1230 625 1290 soluit
645 1229 829 1306 praedicari
856 1236 896 1305 ¹).
925 1227 987 1307 Qui
1007 1229 1146 1315 ‘pulchre
1170 1252 1299 1318 quoque
1325 1231 1382 1296 elo*

174 1334 291 1421 quitur,
314 1353 395 1419 quae
417 1333 457 1396 do
479 1333 552 1396 Deo
575 1331 767 1396 adhibentur
789 1332 935 1407 nomina,
961 1336 1031 1419 ejus
1053 1336 1195 1402 iuliuitae
1220 1339 1380 1404 esseutiae

174 1440 303 1525 minime
336 1458 411 1502 esse
445 1440 641 1523 adaequata,
670 1438 849 1524 quamsit:
882 1441 1054 1524 Loquenti
1083 1467 1183 1508 eausa
1204 1448 1245 1507 tle
1263 1451 1380 1529 ineffa-

173 1554 307 1626 bilitas,
334 1550 376 1611 'ut
391 1553 462 1628 fari
490 1549 598 1630 aliquo
627 1551 718 1610 modo
738 1568 924 1628 possemus,
954 1552 1040 1632 qnod
1064 1555 1156 1632 effari
1184 1551 1277 1614 nullo
1299 1554 1381 1615 molo

171 1675 363 1739 possumus,
387 1655 504 1715 dietam
532 1661 583 1715 est
611 1676 632 1715 a
653 1658 776 1716 nostris
800 1652 938 1716 Graem's
969 1675 1048 1717 una
1070 1654 1278 1732 essentia,
1302 1666 1383 1721 tres

173 1759 454 1825 substantiae:
484 1780 504 1820 a
535 1758 668 1820 Latinis
695 1766 801 1820 autem
831 1779 913 1821 aaa
945 1766 1158 1840 essentia,
1181 1769 1272 1825 tres
1293 1759 1381 1847 per·

173 1887 301 1930 sonae
321 1871 362 1939 ⁹).
386 1898 425 1911 ·-
447 1865 576 1925 Dictum
598 1869 791 1926 esttamen:
814 1871 902 1925 tres
919 1886 1143 1945 personae,
1166 1887 1233 1930 non
1253 1865 1294 1931 ut
1312 1872 1384 1932 illut

174 1974 345 2051 monetur,
366 1969 487 2030 sedne
508 1975 668 2030 taceretur
690 1965 729 2052 ⁸).
761 2003 800 2014 -—
830 1969 935 2053 Atque
957 1969 1045 2033 Leo
1067 1969 1130 2033 M.:
1163 1973 1204 2033 In
1238 1974 1388 2037 llinitale

175 2079 283 2139 lisina
301 2079 385 2136 enim
402 2075 486 2136 nillil
503 2075 678 2154 dissimile,
707 2075 790 2135 aton
811 2077 914 2153 impar
940 2080 1007 2136 est:
1039 2086 1071 2137 et
1091 2080 1196 2138 omnia
1207 2123 1219 2158 ,
1249 2099 1335 2161 qaae
1355 2081 1438 2140 tle

174 2184 231 2244 illa
245 2187 382 2261 possunt
398 2184 575 2241 substantia
595 2181 741 2258 ospitari,
764 2198 822 2240 neo
840 2183 968 2260 uirtute,
989 2199 1049 2241 neo
1060 2181 1179 2258 ploria,
1201 2201 1262 2243 neo
1285 2190 1430 2246 aeter-

174 2292 272 2350 nitate
293 2289 434 2347 discreta
453 2291 536 2348 sunt.
565 2319 607 2331 -
636 2284 779 2345 Omnia
806 2304 909 2367 quae
940 2286 1065 2346 loalet
1094 2287 1240 2361 Pater,
1270 2290 1430 2350 halet

170 2391 214 2455 'et
236 2393 392 2470 Filius,
415 2391 539 2451 latet
561 2395 599 2451 et
619 2392 811 2468 Spiritus
831 2389 888 2453 S.:
911 2411 970 2454 nea
987 2410 1129 2472 unquam
1149 2396 1185 2452 in
1207 2394 1268 2454 illa
1292 2391 1423 2455 Trini-

176 2492 1424 2582 mmmmwmwmmmfflmmmel

176 2623 300 2682 semper
318 2604 467 2662 asistere.
489 2601 585 2660 Nulla
600 2601 643 2659 ili
662 2607 813 2680 temporo,
837 2601 920 2663 nulli
934 2603 1074 2680 prauus,
1106 2603 1218 2663 nallae
1236 2603 1419 2684 differeri-

176 2715 239 2770 tiae
258 2706 801 2784 cuperantur.-1teoentmtane
824 2711 977 2768 beatam
1003 2707 1250 2771 Trinitatem
1272 2729 1376 2772 unsa
1397 2722 1420 2764 n

178 2813 436 2893 eonfitemur
457 2812 601 2883 Deum,
631 2814 730 2893 qaia
757 2816 797 2872 in
824 2813 890 2872 lis
920 2814 1055 2874 tribas
1084 2818 1297 2895 personis
1317 2835 1340 2877 a
1360 2827 1419 2873 eo

176 2923 457 2990 substantiae,
478 2935 552 2977 neo
570 2920 810 2997 patientiae,
841 2938 912 2979 nec
933 2921 1172 2982 uoluntatis
1193 2941 1272 2983 nee
1294 2943 1345 3004 op
1377 2935 1416 2978 e·

178 3028 368 3086 rationis
391 3031 453 3085 est
470 3025 559 3086 ulla
581 3027 824 3085 diuersitas
845 3023 880 3106 ⁴).
905 3059 942 3070 -—

303 3127 338 3192 C.
361 3127 474 3191 Fidem
492 3129 627 3192 eandem
647 3129 679 3192 iu
695 3130 802 3192 Deum
818 3129 849 3192 iu
870 3124 1018 3210 personis
1034 3131 1164 3215 trinum,
1186 3132 1218 3196 iu
1243 3137 1408 3201 substan·

179 3234 221 3299 tia
248 3255 327 3299 vero
354 3254 451 3298 uuum
475 3234 610 3320 denique
644 3236 852 3320 praedicant,
886 3247 924 3299 ut
953 3258 1051 3321 supra
1078 3240 1146 3322 Jam
1177 3242 1401 3307 ostendimus.

179 3341 286 3407 omnia
306 3339 461 3424 Symbola
480 3345 511 3404 in
534 3339 688 3404 Ecclesia
711 3339 848 3414 usitata,
872 3342 1069 3408 enucleatius
1091 3338 1258 3431 exponunt
1278 3341 1396 3413 Conci·

179 3447 228 3513 lia.
251 3444 556 3512 steconcilium
578 3443 1102 3533 constantinopolitanum
1125 3450 1165 3516 ll.
1184 3472 1212 3516 a.
1236 3454 1306 3521 553.
1327 3448 1388 3514 ait:

180 3562 215 3620 Si
252 3559 324 3638 quis
350 3574 414 3615 non
442 3557 608 3634 confltetur
634 3555 796 3635 Patris,
828 3565 865 3616 st
895 3556 1027 3636 Il'ilii,
1060 3540 1100 3619 et
1132 3564 1313 3638 Spiritus
1353 3559 1377 3615 S·

180 3683 298 3725 anam
319 3666 508 3721 naturam
539 3664 624 3721 sire
656 3661 961 3736 substantiam,
992 3669 1179 3725 stanam
1200 3667 1373 3727 virtutem

181 3774 217 3828 et
235 3773 506 3848 potestatem,
535 3764 795 3829 Trinitatem
827 3770 1252 3842 consubstantialem,
1272 3783 1370 3832 unua

182 3979 424 3995 m

217 4094 241 4152 1)
259 4093 301 4141 lle
325 4092 377 4143 aio.
400 4094 433 4141 D.
461 4094 479 4140 l.
507 4094 553 4142 11.
573 4105 597 4141 a.
621 4091 674 4140 24·
693 4087 763 4155 Opp.
782 4089 814 4142 Τ.
834 4090 857 4140 7.
877 4102 901 4139 c.
921 4088 981 4144 290.
1000 4089 1042 4143 Cf.
1060 4105 1084 4139 c.
1114 4094 1164 4141 10.
1190 4107 1217 4143 n.
1246 4082 1363 4140 temti.

183 4185 224 4232 De
244 4182 336 4231 ninii.
354 4184 374 4229 l.
394 4186 422 4232 t.
441 4195 465 4229 c.
483 4185 513 4232 4.
531 4197 559 4232 n.
581 4181 605 4227 1.
625 4178 658 4231 Τ.
678 4179 703 4231 8.
723 4191 747 4230 o.
765 4180 825 4230 253.
844 4182 863 4232 Ι.
883 4185 909 4228 5.
929 4196 954 4232 ι’.
975 4182 1003 4230 8.
1022 4196 1049 4232 n.
1071 4184 1097 4232 9.
1117 4193 1141 4233 ο.
1155 4181 1217 4232 837.
1236 4183 1255 4232 l.
1275 4181 1297 4229 1.
1313 4190 1330 4224 t·
1343 4171 1362 4218 l·
1452 4228 1459 4242 „

183 4286 210 4321 n.
228 4275 256 4321 4.
277 4283 301 4322 c.
319 4270 379 4321 aas.
398 4269 448 4318 sar
467 4283 508 4319 ss.
528 4272 548 4322 ι.
569 4273 616 4322 15.
637 4283 662 4321 ο.
680 4272 824 4322 aalma
845 4281 868 4319 o.
887 4270 949 4322 soa.
968 4271 1043 4323 com.
1062 4271 1203 4325 nonomen.
1222 4273 1241 4321 1.
1260 4272 1286 4321 r.
1302 4250 1361 4317 utl-

183 4373 208 4413 ο.
226 4361 277 4411 aot
295 4373 337 4409 ss.
356 4361 443 4421 Epist.
463 4363 532 4411 170.
551 4359 582 4412 Τ.
600 4360 627 4410 2.
647 4371 672 4411 o.
690 4360 740 4412 6⁰8
758 4373 800 4412 ss.

216 4442 240 4514 ¹)
259 4453 300 4500 De
319 4451 411 4501 l'rinit.
431 4453 450 4498 1.
472 4453 498 4500 1.
517 4465 541 4501 c.
559 4453 589 4502 4.
607 4466 633 4502 n.
655 4453 682 4502 1.
702 4463 726 4500 o.
743 4451 832 4501 857⁸.

217 4533 242 4602 ³)
260 4537 303 4592 lb.
322 4541 341 4588 t.
360 4544 389 4590 a.
409 4551 434 4590 o.
455 4542 482 4591 9.
501 4555 527 4593 n.
548 4544 598 4591 10.
617 4551 643 4592 a
660 4540 722 4590 838.

217 4625 243 4693 ⁴)
263 4632 349 4681 serm.
369 4632 418 4679 13.
437 4644 463 4680 n.
483 4631 512 4680 3.
532 4625 602 4694 Opp.
621 4641 649 4693 p.
668 4629 717 4680 tot
734 4642 759 4679 s.
