2926 5168
1313 208 1358 277 87

231 371 258 423 ο.
281 352 388 423 Deum
415 349 510 417 nohis
530 351 626 418 modo
658 351 918 418 extraordinario
953 341 1167 421 multifariam
1185 355 1357 442 multisque

145 455 253 520 modis
270 475 347 519 esse
371 456 510 520 loentum
530 456 606 520 olim
622 456 654 520 in
672 456 867 543 Prophetis,
889 457 1111 524 novissimein
1133 457 1215 523 Filio
1238 481 1298 524 suo
1324 463 1359 544 ¹),

146 560 203 646 qui
221 572 367 625 nostram
390 573 538 626 naturam
560 560 621 625 sibi
652 561 770 639 univit,
800 561 831 626 in
864 560 1102 628 similitudinem
1125 563 1288 629 hominum
1312 570 1357 630 fe-

149 678 246 741 ctus,
270 678 303 730 et
320 665 429 730 habitu
446 665 596 733 inventus
622 680 656 731 ut
681 668 777 732 homo
807 667 844 752 ²).
866 652 956 746 Quae
975 668 1081 733 omnia
1094 666 1276 732 absolutam
1297 669 1361 734 Dei

149 791 169 834 a
193 770 310 836 mundo
333 767 556 833 diversitatem
578 769 748 833 manifeste
771 770 897 835 docent.
920 771 1074 856 Insuper-

237 875 264 940 d.
295 872 416 961 ubique
446 874 478 938 in
510 873 570 937 SS.
599 873 735 938 Litteris
763 873 973 960 supponitur,
1012 895 1049 939 ao
1088 874 1220 942 disertis
1250 878 1361 944 verbis

155 979 309 1045 doceturt
1256 963 1258 966 ,

197 1108 228 1153 α.
251 1084 376 1160 Deum,
407 1082 555 1169 spiritum
581 1082 787 1168 purissimum
816 1095 849 1148 et
869 1081 1049 1167 simplicem
1080 1085 1232 1163 omnino,
1264 1089 1368 1153 solum

155 1210 251 1263 esse,
273 1188 324 1274 qui
339 1209 416 1253 vere
437 1189 480 1252 sit
493 1188 532 1274 ⁸),
556 1189 608 1274 qui
628 1189 670 1254 sit
686 1188 808 1275 primus
826 1186 1073 1262 etnovissimus,
1086 1209 1145 1253 seu
1163 1202 1316 1256 aeternus
1327 1193 1364 1279 ⁴),

152 1305 266 1378 utpote
289 1298 344 1375 qui
363 1301 428 1370 ool,
451 1299 614 1376 quierat,
637 1298 736 1377 etqui
752 1305 906 1356 venturus·
925 1301 986 1367 eet,
1010 1302 1105 1379 atque
1131 1316 1255 1377 sempor
1282 1301 1367 1362 idom

155 1419 216 1463 seu
245 1395 453 1463 immutabilis
484 1397 529 1484 ⁵];
551 1418 607 1461 res
631 1416 711 1461 voro
739 1417 849 1460 omnes
883 1397 922 1460 ad
941 1399 1092 1463 mundum
1117 1399 1319 1484 pertinentes
1336 1401 1369 1464 in

154 1514 303 1586 tempore
318 1513 414 1587 etque
434 1523 505 1568 cum
526 1512 671 1589 tempore
691 1522 766 1567 esse
779 1513 870 1565 ortas
899 1521 937 1565 ee
960 1502 1209 1589 corruptibiles,
1238 1506 1367 1570 nonnisi

153 1605 258 1692 ipsius
281 1606 444 1672 voluntate
466 1605 628 1681 existere,
658 1604 790 1693 proprie
811 1625 850 1670 ao
878 1625 958 1668 vera
979 1605 1154 1674 existentia
1184 1609 1366 1675 destitutas.

154 1717 408 1796 Priuequom
431 1725 593 1777 muntoo
609 1717 798 1793 fierent,
828 1710 872 1774 ait
893 1709 1094 1789 Psalmista,
1119 1720 1371 1792 autforma·

155 1824 283 1878 retur
304 1823 444 1890 torro,
467 1823 506 1878 ot
526 1818 666 1878 orbiu:
689 1837 709 1876 a
730 1817 911 1878 onooulo
934 1823 974 1878 ot
991 1837 1126 1902 usquo
1152 1824 1197 1882 im
1216 1840 1370 1883 euoou·

156 1928 235 1983 tum
256 1928 297 1983 tu
319 1942 361 1983 oo
381 1921 493 1984 Douo
509 1919 544 2006 ⁸).
576 1920 683 2004 Atque
710 1916 845 1982 iterum:
872 1920 1006 1984 Initio
1029 1934 1072 1985 tu
1092 1925 1270 1987 Domine
1289 1932 1369 1988 ter·

156 2049 238 2089 rom
255 2027 480 2106 surrdaotr':
504 2033 537 2088 ot
556 2047 688 2105 opero
709 2046 900 2089 munuum
921 2033 1088 2089 tuarum
1109 2040 1215 2092 runt
1245 2028 1370 2094 ooolr'.

156 2123 490 2212 Ipoiporr'bumt,
522 2139 564 2193 tre
592 2138 728 2193 autem
756 2151 1002 2211 permaneo:
1032 2139 1231 2196 otommoe
1252 2139 1371 2196 oiout

157 2239 457 2299 vestimentum
478 2242 770 2298 votoroeoomt:
793 2241 832 2296 ot
851 2239 961 2296 siout
980 2242 1234 2315 opertorium
1252 2245 1370 2300 muta·

158 2343 222 2403 tio
256 2361 326 2403 ooo
354 2348 395 2402 ot
422 2343 709 2405 mutabuntur.
736 2345 792 2402 Tu
823 2347 955 2401 autom
984 2343 1089 2402 idom
1124 2346 1218 2424 ipoo
1247 2363 1301 2418 oo,
1333 2351 1373 2405 et

157 2449 256 2506 unni
276 2451 336 2507 tut
356 2465 435 2506 nom
458 2443 845 2527 destoiomt⁷).Atque
868 2441 1080 2526 Sapiens:
1098 2444 1366 2525 Quomodopoo-

156 2557 225 2611 oet
245 2551 409 2632 aliquid
428 2570 691 2631 por-manere,
714 2553 802 2622 piei
832 2555 872 2611 tu
893 2550 1135 2612 voluisses?
1157 2559 1215 2613 out
1247 2552 1368 2632 quod,

156 2678 176 2716 o
197 2667 236 2719 to
253 2665 443 2717 vocatum
463 2674 542 2716 mom
564 2638 687 2735 oerot,
709 2651 1117 2739 conservaretur⁶)?
1173 2632 1178 2646 ¹

236 2761 267 2840 β.
290 2757 436 2832 Deinde,
457 2778 514 2821 res
530 2778 645 2821 omnes
660 2745 776 2822 finibus
793 2756 862 2820 suis
882 2777 957 2821 esse
973 2757 1239 2844 circumscriptas
1248 2805 1262 2842 ,
1284 2779 1365 2845 quas

148 2864 248 2929 Deus
263 2885 322 2928 sua
337 2862 553 2927 immensitate
569 2863 709 2927 excedet
734 2874 767 2926 et
791 2860 965 2930 contineat.
990 2864 1144 2938 Quando,
1175 2863 1220 2928 ait
1244 2865 1367 2953 sopien-

143 2969 197 3032 tia
216 2967 342 3042 divina,
362 2970 709 3050 praeparatatooetor,
731 2970 884 3032 adoram:
907 2971 1033 3048 quando
1054 2976 1170 3031 corto
1197 2975 1304 3049 lopo,
1335 2978 1372 3033 ot

132 3096 261 3155 Apro
281 3075 472 3137 vallabat
491 3076 682 3153 abyssos:
707 3075 833 3157 quondo
855 3075 986 3136 aotlrora
1004 3076 1157 3154 firmabat
1170 3093 1311 3147 aureum,
1337 3081 1371 3136 ot

135 3182 352 3241 librabat
368 3183 515 3259 sentos
537 3199 761 3258 aquarum:
785 3178 1236 3267 quamdo‘oiroumdtrbot
1259 3182 1367 3241 mari

138 3288 376 3347 dormieram
397 3266 535 3363 ouum,
558 3290 591 3345 et
611 3289 744 3364 lopom
761 3288 947 3363 ponebat
968 3288 1109 3367 apoto,
1130 3302 1172 3344 mo
1188 3288 1368 3345 transirent

106 3395 177 3465 ι’
179 3395 192 3451 i
197 3410 273 3452 mor
293 3408 409 3452 euos:
432 3391 559 3472 quamdo
575 3391 771 3469 appendebat
781 3390 1125 3469 fundamentotormo,
1145 3407 1218 3450 oum
1231 3409 1267 3450 oo
1279 3409 1368 3450 oram

127 3503 271 3558 cuneta
300 3489 488 3573 componeres
516 3472 747 3579 ⁸].‘lsaies:
785 3494 865 3569 oms
892 3513 1064 3556 moneuo
1101 3504 1166 3557 oet
1197 3494 1367 3572 pupillo

120 3660 402 3681 Qut—-

193 3749 227 3815 Ι))
245 3749 336 3803 Hebr.
355 3752 378 3811 1,
402 3753 426 3802 1.
440 3751 467 3801 2.

190 3836 212 3904 ²)
229 3838 352 3907 ournpp.
370 3841 397 3904 2,
414 3841 491 3891 5-7.

191 3923 214 3994 3)
231 3925 324 3981 Exod.
342 3931 368 3992 3,
389 3928 429 3980 tt.

190 4015 214 4078 ⁶)
231 4019 269 4071 le.
288 4019 331 4080 m,
347 4019 373 4071 u,
388 4019 431 4079 ut,
448 4020 476 4069 6.

191 4102 213 4169 ⁵)
230 4109 319 4174 Apoo.
339 4110 364 4169 t,
381 4108 408 4161 lt.
427 4107 471 4160 Gt.
492 4109 561 4169 1‚8.
580 4108 621 4168 11,
641 4107 682 4158 1⁷,

190 4188 215 4258 ὁ)
234 4197 283 4248 ns.
303 4197 363 4259 101,
380 4199 424 4251 es.
656 4181 663 4203 “

189 4281 212 4348 ⁷)
230 4286 277 4339 Po.
297 4288 355 4348 101,
373 4290 485 4342 26-27.
505 4287 631 4340 cttton.
653 4288 717 4355 ut.
730 4285 758 4339 2.
774 4282 905 4339 Macheb.
925 4284 950 4344 7,
967 4283 1011 4335 28.
1029 4283 1115 4338 Prov.
1132 4285 1158 4346 8,
1176 4285 1219 4339 22.
1236 4285 1319 4339 Jonn.
1340 4287 1365 4348 t,

131 4369 182 4423 3·
202 4379 241 4438 1⁷,
258 4379 285 4429 5.

189 4461 214 4527 ⁸)
232 4466 299 4532 Sap.
320 4467 361 4530 lt,
378 4467 422 4519 28.

189 4551 211 4621 ⁹)
228 4554 309 4608 Prov.
334 4558 360 4617 8,
378 4557 491 4610 27-30.
