2926 5168
119 375 218 437 trudit
224 380 370 455 sortasse
381 379 511 456 pietatis
525 395 649 437 sermo:
666 387 699 438 ot
712 382 830 437 notiora
847 377 941 438 tertia
956 379 1012 447 uti,
1028 396 1131 458 neque
1147 396 1190 440 ete
1205 382 1326 440 eunetis

118 479 299 558 Scriptum
325 482 427 543 edocti
446 500 555 543 suiuus
565 524 578 561 ,
599 500 701 563 neque
725 501 769 544 eu·
785 484 878 560 prius
902 482 995 542 dictis
1020 482 1089 544 ulio
1108 485 1327 545 consemtione

118 586 224 662 compr·
238 593 349 666 potest.
376 586 649 662 Quemadmodum
667 590 750 648 euim
773 586 880 648 Filius
906 587 1020 648 ordine
1044 587 1169 665 quidem
1190 610 1211 650 a
1230 594 1327 651 Putre

118 691 281 754 secundus
297 697 366 772 est,
394 696 587 774 quonium
610 697 659 754 ab
681 693 757 754 iiio
779 699 860 753 est:
882 692 1033 770 dipnitate
1056 713 1147 764 sero,
1179 696 1329 776 quonium

120 800 210 876 oripo
228 798 297 876 q'us
316 803 364 860 ert
378 803 409 859 et
423 817 524 860 consu
547 818 585 861 eu
606 817 659 869 re,
683 805 768 880 quod
788 802 890 878 ipsius
909 806 960 859 est
973 796 1072 861 Pater
1089 833 1126 845 -
1142 819 1208 862 nou
1225 806 1329 863 antem

119 908 239 964 nutura
254 903 430 974 secundm,
453 905 600 982 quonium
617 907 719 966 deitas
736 907 770 965 in
797 909 932 986 utroque
948 923 1014 967 sonu
1039 911 1107 964 eet:
1128 907 1173 964 ito
1187 908 1330 984 profecto

120 1014 150 1068 et
166 1009 306 1084 Spiritus
328 1008 376 1089 S„
394 1011 455 1070 etsi
473 1015 554 1071 tum
573 1008 732 1081 ordine,
755 1013 834 1068 tum
851 1009 1057 1084 dipnitute
1077 1010 1292 1070 secundus
1311 1028 1331 1068 u

121 1112 193 1174 nu
199 1117 238 1174 io
258 1123 309 1174 eet
330 1135 391 1192 -,·
412 1119 518 1175 tumen
539 1131 607 1173 uon
622 1115 703 1188 jure
719 1116 813 1193 sequi
834 1118 871 1172 ut
888 1117 932 1174 sit
950 1112 1079 1174 atienae
1095 1118 1242 1185 naturum,
1257 1114 1331 1174 trine

120 1217 261 1296 putet¹J.
277 1250 308 1261 -
320 1215 561 1300 Gregorius
578 1215 609 1278 N
618 1236 639 1298 y
648 1237 664 1278 s
673 1236 699 1279 s.
711 1240 718 1278 z
731 1218 820 1278 Idem
832 1217 870 1279 de
881 1223 914 1280 S.
924 1214 1048 1295 Spiritu
1056 1218 1215 1290 docemus,
1225 1220 1332 1281 insoto

121 1327 234 1385 ordine
259 1321 438 1402 differam
468 1327 645 1385 constituto.
681 1322 951 1396 Quemadmodum
986 1325 1068 1382 enim
1107 1326 1197 1384 Patri
1229 1325 1333 1385 Filius

121 1430 333 1505 oomjnnpitur,
355 1437 386 1488 et
402 1446 474 1489 eum
489 1448 533 1489 em
551 1428 604 1488 illo
624 1430 777 1504 oripinem
795 1428 901 1506 dueot,
923 1427 1091 1505 hypostasi
1107 1433 1213 1491 tumen
1223 1434 1332 1506 poste-

120 1536 186 1594 rior
201 1550 266 1592 non
281 1537 338 1601 est,
360 1533 408 1592 sio
424 1536 519 1593 etium
537 1534 720 1607 Spiritus
735 1529 772 1596 S.
795 1532 1010 1592 odliitinm
1031 1551 1072 1592 se
1093 1534 1225 1606 nabet,
1247 1551 1332 1593 nam

120 1641 160 1697 iu
181 1637 272 1697 soto
291 1639 488 1716 principii
509 1640 670 1698 ratione
691 1635 833 1697 Filius
852 1640 987 1716 prius,
1010 1656 1126 1714 quom
1148 1641 1332 1716 Spiritus

121 1748 154 1808 S.
185 1743 367 1821 hypostasis
393 1744 578 1818 coneipitur.
610 1741 813 1819 Temporutes
843 1748 947 1802 nutem
969 1744 1183 1804 dimensiones
1211 1745 1245 1803 iu
1276 1742 1335 1802 ilio

120 1865 213 1908 omne
235 1847 400 1908 soeculum
417 1852 608 1924 antepresso
625 1850 690 1908 vitu
711 1866 775 1907 nou
795 1851 1020 1908 inveniuntur:
1041 1850 1087 1908 ito
1102 1856 1138 1907 ut
1158 1831 1335 1924 esoeptu

118 1952 335 2030 principii
355 1954 531 2013 ratione
550 1954 757 2015 sanctissimo
777 1951 916 2012 Trinitas
938 1954 972 2010 iu
994 1951 1138 2014 omnibus
1157 1951 1255 2030 probe
1275 1952 1335 2011 siti

121 2061 275 2117 consonet
287 2059 325 2133 ²).
339 2091 378 2101 -
389 2053 431 2116 Et
451 2053 544 2118 alibi:
571 2051 611 2116 Τὸ
630 2055 663 2115 δὲ
680 2048 763 2136 ἅγιοι
779 2061 891 2136 πνεῦμα
908 2055 958 2115 καὶ
974 2057 1004 2115 ἐκ
1023 2061 1075 2116 τοῦ
1086 2050 1200 2137 πατρὸς
1223 2055 1335 2136 λέγεται

122 2158 171 2218 καὶ
192 2163 247 2218 τοῦ
268 2161 332 2219 οἱοῦ
353 2171 551 2239 μαρτυρεῖται.
583 2161 607 2241 oi
628 2155 683 2240 poio
706 2179 749 2229 τις
770 2156 804 2218 τὸ
825 2165 938 2240 πνεῦμα
960 2163 1014 2221 τοῦ
1036 2165 1173 2243 Χριστοῦ
1199 2156 1252 2218 οὐκ
1269 2156 1333 2240 ἔχει,

123 2254 210 2333 οὗτος
230 2259 284 2324 οὐκ
299 2266 376 2324 ἐστιν
393 2260 496 2338 αὐτοῦ,
520 2260 608 2342 φήσιν
625 2261 643 2344 ἡ
659 2262 728 2344 ἁγία
746 2259 854 2345 γραφὴ.
876 2261 983 2325 οὐκοῦν
1004 2259 1038 2326 τὸ
1056 2265 1107 2344 μὲν
1122 2269 1235 2346 πνεῦμα
1252 2261 1286 2324 τὸ
1304 2268 1334 2324 ἐκ

122 2373 175 2428 τοῦ
196 2373 272 2428 θεοῦ
294 2360 348 2448 ὃν,
381 2368 431 2427 καὶ
453 2371 590 2448 Χριστοῦ
611 2372 724 2448 πνεῦμα
746 2368 823 2429 torio
845 2370 889 2447 ³).
914 2403 950 2414 -
975 2366 1216 2455 Gregorius
1240 2368 1333 2434 Naz.

121 2474 216 2535 Misit
235 2471 415 2556 (curtatus)
448 2474 541 2534 nobis
562 2477 717 2551 Spiritum
737 2479 889 2537 Sanctum
922 2474 945 2532 d
952 2494 970 2534 e
986 2495 1059 2554 pro
1066 2479 1162 2553 pria
1183 2495 1275 2547 sua,
1306 2481 1336 2536 et

123 2597 166 2639 es
186 2597 260 2639 unu
280 2585 454 2659 eademque
482 2577 667 2639 substantia
688 2585 727 2652 ⁴).
758 2612 798 2624 -
830 2574 1112 2660 Epiphanius:
1136 2578 1277 2656 Spiritus
1297 2577 1333 2640 S.

122 2701 247 2760 semper
267 2688 327 2761 est,
350 2702 416 2743 nou
434 2685 574 2760 penitus,
596 2701 661 2744 nou
684 2690 830 2754 oreatus,
853 2719 894 2728 -
915 2691 976 2746 sed
996 2704 1041 2747 eo>
1062 2687 1172 2747 eudem
1194 2688 1336 2746 Putris

123 2785 322 2865 Filiioue
343 2790 524 2849 substantia
545 2790 737 2866 spirituss„
765 2792 903 2865 Spiritus
923 2791 1008 2850 enim
1021 2791 1113 2851 Deus
1134 2796 1190 2851 est.
1209 2794 1334 2866 —·Spi-

120 2893 206 2953 ritus
227 2891 297 2964 Dei,
320 2912 358 2952 ao
379 2894 567 2970 Spiritus
589 2890 741 2972 Putris,
764 2900 802 2955 et
820 2894 924 2956 Filii
944 2888 1154 2973 Spiritus?
1172 2914 1238 2958 uon
1253 2915 1334 2956 com·

120 2997 275 3074 positione
296 3000 423 3075 utique,
452 2997 714 3078 quemadmodum
741 3004 776 3060 in
804 2999 896 3060 notis
928 3003 1037 3061 auimo
1058 3019 1234 3081 corpusque
1255 3019 1334 3062 oon·

118 3102 287 3178 innuitur:
309 3102 371 3162 sed
387 3104 473 3162 inter
493 3101 626 3162 Patrem
647 3108 678 3162 et
693 3101 814 3164 Filium
835 3104 968 3174 medius,
991 3124 1043 3165 eo:
1063 3101 1187 3166 Putre
1207 3104 1335 3166 Filio·

123 3226 198 3287 que
228 3206 480 3283 procedens,
511 3212 543 3266 et
569 3208 779 3286 appellatione
815 3213 930 3271 tertius
962 3207 1004 3290 ⁵).
1048 3244 1088 3254 -—
1124 3206 1169 3271 Et
1200 3206 1333 3270 iterum:

122 3310 197 3371 Jam
219 3328 295 3372 oero
315 3329 387 3371 enm
410 3309 560 3372 Christus
582 3331 603 3370 o
623 3311 726 3373 Patre
741 3315 924 3391 profectus,
947 3314 1037 3375 Deus
1058 3314 1204 3376 uidelicet
1223 3334 1243 3373 a
1264 3313 1335 3373 Deo

122 3416 294 3476 credetur:
316 3421 349 3475 et
366 3414 444 3474 Dei
465 3417 654 3493 Spiritus
677 3436 697 3475 ο
722 3418 911 3494 Christo,
933 3424 1039 3496 utpote
1061 3425 1129 3500 ραι·
1151 3418 1200 3478 ab
1222 3424 1334 3478 utro-

124 3539 196 3601 que
219 3515 311 3600 (uuo'
336 3516 531 3601 αμφοτέραο)
550 3521 758 3599 proeedit:
778 3523 814 3583 id
829 3523 914 3602 quod
929 3521 1079 3584 Christus
1093 3527 1163 3600 ipse
1180 3528 1335 3584 testetur:

123 3623 214 3698 „Qui
233 3646 254 3685 o
274 3631 371 3688 Patre
387 3625 563 3703 propedit‘,
591 3629 711 3706 inquit,
732 3635 784 3700 et,
806 3630 881 3700 „oie
902 3628 940 3688 de
960 3648 1029 3689 meo
1050 3632 1207 3707 desipiet‘
1228 3630 1272 3707 ⁶).
1298 3662 1333 3673 —

159 3889 183 3949 ¹)
201 3890 268 3938 Ado.
287 3889 401 3937 Eunoni.
428 3890 448 3939 1.
473 3891 501 3939 ³.
528 3901 555 3937 n.
584 3889 612 3935 1.
639 3883 710 3950 01³1).
736 3885 771 3939 Τ.
799 3889 821 3937 1.
849 3900 877 3952 p.
895 3887 956 3939 272.
975 3885 1018 3938 cf,
1036 3889 1077 3937 De
1100 3889 1173 3944 spir.
1193 3889 1223 3938 S.
1242 3901 1268 3940 o.
1288 3889 1334 3937 18.

124 3995 150 4031 τι
166 3981 218 4029 46.
235 3976 328 4029 M.
346 3978 412 4041 Μ).
430 3977 475 4029 36.
489 3978 531 4027 39.
547 3992 574 4028 ο.
591 3979 679 4027 tom.
695 3979 744 4026 64.
761 3990 790 4041 ρ.
804 3978 838 4027 63
854 3989 877 4025 s.
891 3979 976 4036 Epist.
994 3979 1041 4026 52.
1059 3992 1086 4027 u.
1099 3980 1129 4026 4.
1141 3976 1175 4029 Τ.
1193 3977 1218 4026 3.
1232 3990 1257 4041 p.
1279 3978 1335 4026 mo.

156 4070 184 4130 Β)
201 4067 279 4119 Gom.
296 4069 413 4119 Eunoni.
431 4069 452 4118 i.
472 4071 501 4118 1.
519 4065 590 4130 Opp.
610 4064 655 4115 ed.
673 4066 738 4116 Pur.
759 4066 834 4116 16³8.
852 4066 886 4117 Τ.
904 4066 930 4115 2.
949 4079 975 4129 p.
993 4065 1051 4115 ⁸128.

157 4155 182 4220 ³)
200 4158 233 4209 lu
258 4172 298 4207 or.
323 4157 421 4206 domin.
448 4157 480 4204 Iu
502 4158 600 4218 untioo.
627 4157 681 4205 1²1².
706 4158 791 4207 doctr.
809 4158 842 4205 de
868 4157 976 4206 locoru.
1000 4156 1075 4205 Vero.
1104 4167 1129 4207 o.
1151 4159 1177 4204 1.
1197 4154 1228 4204 ln
1247 4152 1334 4214 Maji

126 4244 377 4308 wuito&

156 4329 182 4394 ¹⁶)
201 4337 274 4384 Ornt.
292 4336 341 4382 49.
361 4331 430 4397 Opp.
449 4330 482 4383 Τ.
501 4334 526 4383 1.
544 4345 570 4385 c.
588 4333 639 4383 665
657 4337 687 4383 ei
704 4334 764 4388 666.

157 4417 181 4484 ⁵)
199 4425 329 4473 Ancorut.
347 4438 372 4472 u.
394 4425 475 4473 1-8.
495 4420 565 4487 Opp.
583 4421 614 4473 T.
633 4423 660 4473 2.
679 4435 707 4487 p.
728 4423 760 4472 12
777 4436 802 4474 u.

156 4502 1333 4576 omuupmmuowpmumummmuumu

128 4598 597 4664 ummpmmmm
1114 4624 1117 4631 ·

1090 4691 1133 4756 23
