2926 5168
102 368 218 435 missus
239 392 321 447 snm,
341 372 411 435 siue
434 372 498 435 ulla
520 369 718 455 blasphemia
732 371 829 435 Filius
843 371 907 436 Dei
923 372 1032 436 vocari
1054 392 1196 456 possum.
1220 373 1304 451 Que-

102 487 231 560 ¹oropter
252 489 285 541 et
303 476 438 541 ulterius
458 475 624 541 disserens
643 477 682 539 ad
705 476 868 551 miracula,
893 498 911 542 a
936 499 972 542 se
988 488 1120 563 patrata,
1143 489 1303 562 tamquam

102 581 314 646 certissimam
337 580 424 647 effeti
451 581 501 646 sui
528 581 805 648 confirmationem
829 595 1007 669 provocat,
1038 583 1090 647 his
1118 583 1247 647 verbis:
1270 591 1306 648 Si

102 693 272 770 confacio
292 709 389 771 opera
409 693 517 752 Patris
537 694 609 766 mei,
631 690 729 753 nolite
750 693 879 754 credere
901 692 988 756 milti.
1017 694 1053 754 Si
1075 697 1178 754 antem
1195 694 1304 767 facio:

102 799 156 858 etsi
176 797 255 857 milti
273 816 339 859 non
359 797 455 859 valae
476 805 623 870 aream,
646 799 793 878 operibus
812 800 949 879 credite,
972 806 1008 860 at
1026 803 1226 877 coanoscatis
1235 844 1247 880 ,
1277 806 1308 861 et

102 904 252 984 tredatis,
285 905 385 984 qaia
407 907 531 966 Pater
551 907 593 966 in
613 925 671 965 me
693 910 769 977 est,
792 909 833 965 et
852 924 925 982 eac
947 908 988 965 in
1008 904 1153 977 Patre,
1176 901 1196 965 i.
1219 922 1247 968 e.
1268 912 1303 964 ut

102 1004 300 1092 intelligatis,
326 1027 439 1070 verum
467 1027 559 1081 esse,
589 1009 673 1092 qnod
703 1007 851 1082 asserui,
881 1029 933 1071 me
972 1019 1005 1071 et
1034 1008 1167 1072 Patrem
1208 1029 1304 1072 unum

102 1131 172 1175 esse
194 1120 234 1188 ¹).
258 1111 353 1189 Quod
376 1113 460 1177 hand
482 1112 705 1178 necessarium
725 1112 857 1187 inisset,
891 1113 920 1177 si
940 1135 977 1177 se
998 1125 1118 1178 tantum
1144 1125 1303 1199 tamquam

102 1217 263 1301 .’rophete
282 1228 315 1282 et
339 1218 484 1306 Legatos
507 1218 634 1283 divinus
660 1217 757 1282 simili
781 1239 890 1292 sensu,
914 1239 952 1284 ac
972 1219 1100 1303 judices
1125 1218 1167 1284 dii
1190 1231 1222 1283 et
1244 1218 1301 1284 filii

102 1319 221 1386 excelsi
250 1319 326 1385 dicti
352 1332 443 1396 sunt,
474 1321 587 1386 Filium
611 1321 675 1387 Dei
695 1323 899 1407 adpeliasset.
926 1323 963 1386 Id
986 1325 1102 1389 Judaei
1128 1326 1209 1390 bene
1232 1347 1303 1389 sen·

102 1436 222 1509 terunt,
244 1426 359 1490 iesum
382 1426 485 1491 denuo
507 1428 782 1514 comprehendere
804 1430 991 1504 studentes,
1020 1429 1065 1494 ita
1090 1442 1125 1494 ut
1150 1431 1220 1517 ipse
1243 1453 1301 1516 per

102 1531 204 1620 'ragam
221 1552 333 1597 eornm
349 1532 476 1597 insidiis
496 1554 532 1598 se
554 1534 735 1599 subducere
751 1546 926 1622 cogeretur
946 1535 982 1619 ²).

176 1638 207 1702 b.
230 1637 302 1702 Atia
333 1638 516 1714 occasione,
534 1651 704 1724 postquam
735 1638 862 1705 scilicet
882 1642 921 1705 ad
944 1640 1099 1727 piscinam
1122 1652 1309 1729 aegrotum,

102 1743 146 1828 lui
169 1741 304 1832 triginta
326 1755 401 1808 octo
423 1763 523 1809 minos
546 1745 738 1833 languerat,
761 1745 896 1810 sabbato
925 1758 1116 1822 sanaverat,
1147 1749 1302 1821 Judaeos,

102 1847 155 1911 ibi
165 1847 240 1912 ideo
249 1847 455 1923 insidiantes,
478 1850 529 1914 his
537 1848 653 1915 affatus
666 1861 718 1914 est
727 1850 854 1914 verbis:
876 1854 1008 1916 Pater
1030 1874 1142 1917 meos
1172 1875 1303 1936 usqae

102 1963 206 2017 nodo
224 1963 438 2035 operatur,
458 1963 490 2019 et
508 1979 580 2036 eqo
598 1978 757 2038 operor.
774 1959 951 2040 Propterea
969 1979 1044 2038 erqo
1059 1962 1302 2041 manisqaaere·

102 2063 171 2124 tant
187 2082 259 2124 earn
271 2061 598 2150 Judaeiinterfieere:
619 2068 877 2142 quianonsolam
891 2065 1034 2126 solvebat
1049 2066 1225 2139 sabbatam,
1248 2066 1306 2125 sed

102 2172 124 2226 rt
140 2178 310 2248 patrem
330 2187 452 2230 sauna
473 2169 639 2230 dicebat
657 2169 792 2241 Deam,
815 2171 1035 2252 aequalem
1057 2190 1102 2231 se
1119 2171 1303 2244 faciens

102 2274 189 2335 Deo.
206 2274 382 2354 Respondit
391 2271 565 2348 (allocutus
575 2271 724 2356 estiltos)
733 2278 843 2356 itaque
850 2274 960 2348 Jesas,
978 2285 1009 2336 et
1020 2274 1104 2336 discit
1119 2273 1300 2347 eis:Amen,

102 2379 380 2442 emendicooobis:
399 2399 477 2442 non
495 2386 641 2459 potest
660 2380 800 2443 Filias
821 2401 841 2442 a
862 2401 903 2442 se
920 2382 1069 2455 facere
1090 2381 1300 2462 quidquam

102 2483 197 2570 [quod
219 2481 345 2548 scilicet
367 2483 529 2548 sanctitati
551 2482 725 2547 adversum
748 2490 869 2560 esset),
895 2489 981 2546 nisi
1014 2487 1121 2566 qnod
1148 2486 1305 2546 viderit

102 2595 268 2654 Patrem
286 2593 537 2672 facientem,
560 2588 594 2674 (i.
626 2609 654 2653 e.
682 2588 744 2653 nisi
776 2589 861 2674 qnod
882 2588 957 2654 iacit
976 2589 1086 2664 Pater,
1108 2599 1219 2672 utpote
1241 2605 1302 2671 qna

102 2691 181 2759 [teus
201 2712 274 2757 curu
289 2693 389 2757 Patre
406 2714 516 2770 unum,
539 2704 572 2757 et
587 2714 648 2778 qua
664 2694 760 2758 homo
783 2692 813 2758 ei
827 2693 971 2777 perlecto
982 2693 1161 2777 subditus):
1182 2714 1301 2776 qaae-

102 2820 261 2884 ranque
283 2805 364 2863 enim
386 2801 441 2863 itte
459 2805 638 2881 fecerit,
661 2802 767 2863 Isaeo
789 2807 829 2862 et
847 2800 992 2864 Filias
1013 2801 1212 2862 similiter
1229 2801 1300 2874 fa·

102 2910 159 2975 rit,
182 2906 283 2970 Pater
304 2909 388 2968 enim
405 2907 507 2985 (1111911
520 2908 652 2979 Filiam,
677 2912 711 2967 et
726 2908 831 2967 omnia
846 2907 1043 2967 demonstrat
1054 2901 1301 2979 (communicat)

102 3015 131 3084 i,
154 3031 240 3092 quae
252 3015 322 3092 ipse
337 3015 439 3091 facit:
460 3022 492 3074 et
502 3013 625 3085 maiora
649 3013 700 3072 tte
723 3011 952 3073 demonstrabit
976 3007 1203 3093 (substantiam
1225 3006 1301 3070 divi-

102 3133 166 3179 nam
199 3110 350 3180 videlicet
381 3134 453 3179 cnm
476 3135 515 3178 eo
541 3112 830 3190 communicando)
861 3118 892 3177 ei
921 3135 1038 3195 opas,
1065 3125 1104 3176 at
1122 3134 1178 3176 vos
1205 3120 1302 3175 mtre-

102 3225 179 3287 rini.
206 3220 301 3285 Sient
322 3225 406 3284 enim
425 3227 520 3284 Pater
538 3225 673 3283 suscitat
689 3227 846 3295 mortuos,
869 3229 901 3282 et
924 3222 1079 3301 vivificat.-
1107 3223 1153 3280 sic
1178 3225 1210 3280 et
1235 3223 1299 3279 ut-

102 3328 194 3408 ine,
216 3348 312 3410 quoe
332 3327 440 3401 vult,
461 3329 664 3406 vivificat.
686 3326 801 3406 Neque
823 3329 905 3386 enim
928 3321 1040 3406 (vero)
1063 3330 1161 3387 Pater
1173 3324 1302 3399 judicat

102 3449 301 3516 mmquarn:
329 3434 391 3495 sed
415 3452 530 3495 oniae
550 3434 767 3511 judiciam
796 3432 908 3494 dedit
929 3429 1069 3511 Facto,
1099 3436 1301 3490 atomnee

104 3542 397 3620 onorifieent
438 3538 609 3619 Filiam,
649 3541 765 3599 sient
790 3537 1089 3615 honorificant
1120 3534 1300 3595 Patrem:

102 3649 160 3707 ui
178 3664 259 3708 non
279 3646 550 3726 honorificat
568 3644 741 3716 Filiam,
763 3662 839 3704 non
860 3639 1134 3718 honorificat
1160 3644 1299 3713 Patrem,

102 3754 150 3812 tei
176 3753 265 3812 misit
290 3751 391 3814 illam.
424 3751 603 3826 -Amen,
634 3770 727 3811 amen
748 3751 817 3810 dieo
838 3750 947 3821 eota,
971 3749 1045 3828 qnia
1064 3749 1152 3808 venit
1169 3749 1259 3817 tora,
1272 3751 1303 3806 et

102 3867 179 3918 unc
198 3862 258 3936 est,
285 3857 411 3939 qnando
430 3857 921 3919 mortuiaadientooeem
942 3853 1055 3916 stret
1079 3856 1223 3914 Deiset
1245 3855 1300 3932 qut

117 4023 153 4095 1)
170 4039 218 4084 vv.
236 4030 347 4083 37-38.

108 4110 150 4180 ²)
169 4117 218 4169 Sic
235 4123 378 4185 exponunt
395 4116 488 4168 locum
506 4115 599 4167 hunc:
616 4112 847 4165 Athanasius
867 4115 911 4165 Or.
931 4114 958 4163 3.
977 4119 1046 4164 cont.
1064 4113 1158 4163 Arion.
1176 4126 1204 4163 n.
1217 4113 1299 4162 6-6.

102 4210 164 4273 1³1².
183 4207 216 4261 Τ.
236 4210 263 4262 1.
278 4209 312 4261 Ρ.
332 4209 357 4259 1.
376 4221 404 4272 p.
422 4208 473 4258 6611
490 4221 516 4259 s.
534 4205 581 4256 Or.
597 4210 628 4258 4.
646 4221 675 4257 n.
693 4208 722 4256 2.
740 4218 767 4269 p.
793 4203 854 4256 ote.
881 4205 910 4252 et
928 4201 965 4254 al.
984 4215 1009 4251 a.
1036 4225 1069 4237 -
1093 4199 1214 4250 Basil.
1233 4203 1298 4250 Arta.

102 4300 208 4352 haam.
227 4300 247 4353 1.
267 4301 297 4350 1.
314 4315 342 4350 n.
361 4300 411 4349 26.
430 4294 501 4361 opp.
520 4295 553 4349 Τ.
572 4298 596 4348 1.
615 4309 641 4360 p.
659 4295 719 4344 236.
736 4294 769 4343 Α.
787 4291 823 4345 Β.
842 4290 862 4346 1.
880 4291 906 4343 tr.
925 4306 952 4342 n.
972 4293 1000 4342 2.
1019 4303 1047 4355 p.
1074 4285 1249 4357 2821111.
1268 4313 1300 4325 -

107 4392 248 4453 Ρεςοτ.
272 4386 359 4438 Nau.
386 4389 430 4438 Or.
453 4391 504 4437 49.
529 4385 560 4435 Τ.
589 4386 615 4436 1.
638 4363 663 4433 ὅ.
688 4383 833 4434 669-680.
851 4407 885 4416 -
909 4377 1067 4444 Gregor.
1093 4379 1198 4443 Nysa.
1225 4379 1300 4429 cont

102 4480 211 4532 heron.
229 4481 249 4531 1.
270 4482 298 4531 1.
317 4475 390 4542 Opp.
406 4477 471 4528 Par.
491 4476 565 4528 1616.
584 4474 618 4527 Τ.
636 4474 661 4524 2.
680 4485 706 4538 p.
725 4474 749 4522 7.
768 4472 805 4524 D.
823 4469 856 4521 11.
882 4495 915 4506 -
942 4467 1202 4536 chrysostom.
1220 4469 1299 4520 Hom.

102 4557 142 4614 Γ.
164 4571 192 4620 ia
208 4570 340 4622 lanian.
357 4570 388 4619 2.
408 4564 480 4631 Opp.
505 4565 540 4618 Τ.
563 4566 590 4616 8.
616 4578 645 4630 p.
663 4563 722 4613 363.
738 4566 818 4616 Hane.
837 4563 888 4612 39.
906 4562 936 4612 in
952 4562 1034 4611 Joon.
1052 4561 1125 4628 aa
1143 4571 1169 4622 p.
1186 4557 1248 4610 232.
1264 4556 1299 4610 Β.

129 4677 174 4697 -
190 4657 309 4711 Hilar.
327 4659 371 4712 lte
390 4657 484 4710 Trintt.
503 4660 521 4712 t.
540 4658 571 4711 1.
586 4670 615 4708 n.
633 4657 672 4706 16
689 4670 726 4707 es.
745 4653 780 4706 Τ.
795 4652 823 4706 2.
841 4665 865 4704 c.
885 4649 934 4702 186
951 4662 992 4703 ee.
