2926 5168
1284 213 1323 277 at

120 363 345 429 testimonium
361 385 481 429 sensus
497 362 617 438 intimi,
639 384 698 447 pro
718 384 780 448 quo
800 384 860 427 nos
881 362 1036 427 diversos
1059 382 1076 426 a
1094 364 1210 426 mundo
1225 375 1331 427 exter·

120 488 165 529 no
182 478 214 530 et
230 467 323 531 etiam
339 481 451 532 nostro
468 480 610 553 corpdre
628 466 798 551 rrovimsa
865 504 872 513 ·

206 574 236 637 b.
258 573 364 637 ideam
388 574 451 637 Dei
480 571 637 653 destruit,
660 562 700 636 et'
719 573 790 636 loco
815 572 899 636 eritis
917 571 1033 637 inliniti
1052 593 1112 637 ens
1126 573 1327 637 solummodo

122 679 268 762 potentia
287 672 460 751 inlinitum,
483 678 558 741 actu
580 690 688 742 autem
701 663 826 741 linitum
842 668 1027 762 constituit3

207 804 235 848 c.
259 785 410 848 mundum
425 783 592 848 limitatum
609 804 647 848 ac
666 781 788 849 linitum
804 803 867 846 una
893 782 1074 846 absolutum
1097 801 1155 844 seu
1182 803 1332 847 inacessa-

120 885 226 967 stum,
246 889 393 973 adeoque
408 887 565 952 inlinitum
584 907 659 950 esse
676 885 834 971 delendit3

171 987 177 1007 ‘
207 984 235 1054 d.
259 989 394 1055 liberum
415 989 552 1055 bominis
567 990 732 1055 arbitrium
756 1002 788 1054 et
810 989 964 1054 moralem
982 989 1126 1054 merendi
1149 991 1333 1057 facultatem

122 1096 179 1159 vel
194 1107 305 1180 aperte
322 1095 505 1168 inficiatur,
527 1096 579 1159 vel
599 1094 728 1159 nomine
744 1095 880 1168 retinet,
904 1114 1022 1179 reapse
1037 1108 1143 1159 autem
1159 1097 1253 1175 tollit,
1269 1108 1330 1160 tra·

121 1203 205 1264 dens
222 1201 404 1276 bominem,
426 1201 488 1265 etsi
510 1211 626 1285 sponte
645 1222 721 1276 sua,
744 1199 934 1274 necessario
951 1213 1055 1265 tamen
1083 1200 1214 1274 facere,
1236 1222 1332 1286 quae·

120 1325 251 1390 cunque
274 1305 368 1380 lacit,
391 1317 488 1391 atque
508 1306 615 1370 Deum
642 1325 719 1371 esse
740 1325 819 1369 vere
837 1316 1002 1399 auctorem
1029 1326 1088 1368 seu
1119 1324 1250 1370 causam
1267 1305 1334 1370 elli·

121 1409 266 1474 cientem
285 1410 443 1484 omnium,
464 1432 547 1496 quae
564 1410 658 1485 fiant,
678 1422 711 1474 et
728 1410 824 1474 etiam
843 1411 967 1475 hmicce
992 1412 1077 1476 baud
1099 1411 1202 1474 libere
1222 1431 1334 1498 agere,

121 1517 186 1580 sed
205 1515 381 1580 inevitabili
398 1517 486 1580 velut
501 1517 567 1580 lato
584 1517 799 1600 compulsum,
821 1526 917 1602 atquo
933 1515 1039 1580 omnia
1055 1516 1093 1579 ad
1113 1537 1206 1580 suum
1226 1515 1335 1591 briem,

122 1628 179 1707 qul
195 1633 304 1686 tamen
321 1622 495 1703 omnibus,
517 1623 588 1686 sive
598 1621 690 1686 bonis
704 1621 775 1686 sive
793 1621 884 1686 malis
896 1641 977 1686 unus
993 1621 1140 1705 idemque
1158 1626 1209 1694 sit,
1221 1641 1333 1686 neces-

124 1727 215 1796 sario
235 1727 447 1812 protrudere3
469 1739 564 1812 atque
751 1806 753 1810 .

164 1832 167 1839 “
211 1854 240 1897 e.
271 1833 542 1897 immortalitatem
572 1832 717 1908 aninmo,
753 1834 827 1896 dum
857 1832 1036 1909 contendit,
1068 1833 1230 1900 hominem
1259 1847 1335 1921 post

127 1939 213 2002 banc
229 1939 329 2002 vitam
344 1959 364 2002 a
382 1938 564 2002 substantia
583 1937 689 2003 divina
705 1940 914 2023 absorptum,
938 1949 972 2002 et
993 1937 1202 2004 existentiam
1226 1940 1335 2027 singu·

124 2044 232 2107 lorum
251 2042 416 2128 propriam
437 2062 510 2106 cum
527 2042 594 2108 vita
610 2042 807 2108 exstinctum
824 2043 878 2117 iri,
901 2054 1008 2129 negat.
1104 2053 1106 2058 '

215 2149 274 2214 Sic
291 2169 371 2234 ergo
385 2148 607 2233 pantheismus
626 2148 866 2213 tundamentum
894 2168 992 2212 verae
1014 2148 1047 2214 in
1069 2151 1173 2215 Deum
1205 2152 1334 2236 pietatis

123 2255 320 2325 sustollens,
342 2255 450 2340 legem
474 2255 630 2318 moralem
652 2253 740 2316 omni
758 2252 952 2317 auctoritate
979 2272 1122 2329 exuens,
1144 2256 1197 2319 vel
1226 2257 1335 2340 potius

129 2380 269 2443 prorsus
295 2369 464 2432 evertens,
505 2370 600 2443 atque
637 2357 885 2443 possibilitatem
920 2357 1051 2423 virtutis
1077 2381 1116 2425 ac
1154 2361 1336 2427 honestatis

125 2483 272 2552 negans,
309 2463 502 2527 fatalismum
532 2463 671 2536 inducit,
702 2483 894 2548 omnemque
921 2463 1067 2539 omnino,
1097 2470 1149 2551 qui
1176 2464 1335 2530 facinoro-

129 2589 188 2634 sos
202 2568 356 2634 cohibere
371 2580 505 2653 posset,
530 2568 656 2633 obicem
674 2581 823 2633 removet
838 2580 870 2633 et
888 2568 1046 2644 destruit,
1067 2591 1130 2634 nec
1151 2591 1215 2634 non
1235 2571 1333 2650 bomi-

134 2695 211 2738 nem
231 2675 317 2739 omni
332 2673 469 2748 solatio,
491 2673 718 2759 tranquillitate
737 2695 775 2739 ac
789 2675 941 2740 felicitate
961 2675 1077 2759 privat.
1099 2675 1189 2753 Quos
1218 2697 1338 2741 revera

133 2779 273 2844 ellectus
298 2780 441 2842 morales
475 2778 698 2863 pantheismus
731 2781 904 2864 producat,
928 2780 1132 2845 manifestum
1157 2782 1281 2856 reddit,
1299 2794 1337 2846 nt

128 2904 255 2949 morum
278 2885 331 2948 vel
351 2884 553 2968 publicorum
579 2884 829 2968 perversitatem
852 2896 886 2948 et
906 2884 1002 2951 animi
1019 2886 1233 2970 abjectionem
1251 2889 1335 2972 apud

127 2990 243 3060 lndos,
265 2987 483 3073 polytlreismo
513 2989 685 3070 systemati
711 2987 927 3074 pantheistico
953 3004 1093 3079 cognato
1109 2992 1267 3067 addictos,
1292 2992 1334 3078 si·

130 3093 230 3159 lentio
243 3105 507 3177 praetereamus,
542 3095 726 3178 exemplum
749 3096 929 3160 recentium
953 3095 1182 3181 discipulorum
1210 3097 1337 3166 coruitis

128 3200 168 3264 Η.
191 3200 234 3263 de
255 3199 306 3264 St.
328 3199 458 3272 Simon,
482 3197 535 3283 qui
556 3198 585 3262 in
604 3199 665 3263 bac
678 3199 764 3263 vitae
788 3200 944 3266 civilioris
959 3204 1104 3276 cultura,
1125 3201 1158 3265 in
1175 3201 1245 3286 ipsa
1259 3202 1338 3287 poli-

130 3305 247 3369 tiorum
266 3324 392 3369 morum
407 3305 487 3368 urba
504 3303 666 3388 principe,
687 3302 749 3367 viri
766 3305 874 3390 utique
893 3305 1040 3370 humanis
1057 3306 1175 3373 litteris
1189 3319 1222 3373 ut
1235 3301 1337 3373 scien·

112 3403 186 3472 ¹'tiis
206 3409 310 3493 probe
332 3408 472 3482 exculti,
496 3419 529 3471 et
551 3407 685 3473 honoria
710 3408 760 3472 sui
776 3429 816 3473 ac
841 3409 966 3496 gloriae
984 3411 1115 3476 minime
1131 3414 1275 3496 pertaesi
1298 3434 1337 3477 eo

131 3516 348 3588 devenerunt,
370 3524 406 3576 ut
424 3534 488 3576 uon
507 3525 629 3578 tanturn
644 3514 866 3588 haereditatis,
887 3515 1147 3600 dominiiprivati
1169 3537 1208 3582 ac
1231 3517 1338 3584 matri·

130 3612 227 3684 monii
240 3605 336 3704 jura,
360 3630 441 3704 quae
461 3619 630 3683 societatis
647 3619 751 3684 civilis
766 3620 936 3683 columnae
949 3631 982 3684 et
998 3620 1204 3686 necessariae
1229 3622 1336 3686 condi·

129 3726 236 3789 tiones
254 3736 348 3798 sunt,
371 3724 478 3789 studio
495 3736 528 3788 et
545 3736 658 3808 aparte
677 3725 885 3812 negaverint,
908 3727 966 3788 sed
984 3737 1017 3790 ot
1043 3746 1183 3791 morum
1205 3745 1266 3791 seu
1280 3749 1336 3811 po·

131 3831 194 3896 tius
213 3830 424 3895 foeminarum
442 3829 720 3912 communionem,
742 3830 881 3915 prolium
895 3828 1158 3904 commixtionem
1183 3852 1222 3903 ac
1245 3852 1337 3897 vesa-
1390 3885 1396 3894 .

124 4024 284 4106 'sermone
301 4046 338 4106 'et
355 4041 727 4126 operecommendarint
735 4088 749 4123 ‚
770 4041 816 4106 ita
831 4053 886 4118 ut,
916 4041 978 4110 nisi
1008 4039 1193 4115 obstitisset
1213 4041 1339 4126 publica

135 4144 327 4230 indignatio,
351 4157 384 4208 et
405 4145 651 4233 magistratuum
673 4147 839 4222 adversio,
862 4159 897 4211 et
915 4147 1107 4232 praesertim
1131 4145 1339 4230 pecuniarum

138 4263 206 4332 post
223 4252 370 4315 insanam
387 4250 622 4333 prodigentiam
639 4251 760 4334 inopia,
783 4252 926 4317 societas
947 4252 1038 4317 brevi
1077 4250 1241 4315 evasisset
1273 4273 1337 4316 om·

141 4354 217 4418 nium
235 4354 496 4419 obscoenitatum
512 4354 667 4420 colluvies
686 4366 721 4418 et
738 4356 831 4440 quasi
850 4356 1126 4441 paudaemonium.
