2926 5168
150 270 213 337 158

149 425 396 502 Augustinus
420 424 457 500 ¹),
481 421 555 489 dum
576 418 643 479 cult
659 421 772 498 facere
792 419 935 483 homiues
956 415 1084 489 liberos,
1111 418 1195 494 [ecit
1221 418 1354 487 sarmie-

146 547 213 606 μοι.
243 531 345 589 Simili
373 529 460 589 modo
489 528 668 588 Marcion
698 529 764 586 Deo
792 525 1027 604 praescientiam
1059 541 1128 585 cum
1158 523 1296 583 bonitate
1313 531 1354 597 ,et

149 635 365 712 omnipotentia
387 634 584 701 detrahebat,
607 650 641 690 eo
664 631 741 708 quod
763 633 894 708 primum
917 631 1027 689 bonum
1049 628 1204 688 bominem
1235 629 1266 689 in
1288 644 1352 704 uec·

150 748 249 801 catum
272 740 334 799 labi
355 757 464 815 passus
488 747 571 797 esset
592 740 630 813 ²).
653 738 715 794 Nec
738 754 795 794 non
818 736 1037 795 Socinioni
1059 753 1094 795 eo
1116 733 1289 803 dementiae
1310 732 1354 791 de·

149 855 307 915 venerunt,
330 854 362 905 ot
384 845 529 915 dicerent,
551 839 653 904 sutura
676 842 773 900 libera
795 859 832 900 ac
853 841 1058 919 contingentia
1080 839 1265 913 conjecturis
1288 837 1353 899 inn-

149 958 237 1010 taxat
251 947 430 1028 quibusdam
449 957 479 1006 et
498 946 715 1008 verisimilibus
733 948 901 1006 rationibus
918 949 984 1007 Deo
1002 953 1075 1004 nota
1096 962 1176 1016 esee,
1192 962 1252 1005 nou
1274 952 1354 1015 certa

151 1063 181 1113 et
202 1055 290 1113 firma
312 1054 502 1131 cognitionc3
525 1053 594 1128 quia
616 1051 717 1109 futura
739 1051 814 1110 hacc
836 1070 895 1109 non
919 1059 989 1109 sunt
1011 1051 1172 1129 ingerere
1195 1050 1353 1117 scibilium,

151 1177 218 1217 cum
234 1178 292 1217 non
304 1158 445 1226 habeant,
460 1166 492 1215 ut
506 1157 568 1214 illie
581 1157 688 1232 placet,
704 1155 934 1216 determinatam
946 1153 1124 1228 objectivam
1138 1149 1353 1234 veritatemi).

235 1259 424 1321 statuuntur
446 1267 553 1320 autem
574 1254 655 1318 hacc
676 1255 833 1319 adversus
856 1253 1082 1319 auctoritatem
1095 1254 1137 1321 ,8.
1154 1252 1352 1339 scripturae,

151 1383 232 1449 quae
250 1363 369 1448 potius,
391 1373 427 1425 ut
445 1359 615 1426 scientiam
633 1359 902 1444 praeteritorum,
930 1359 974 1423 ita
994 1370 1028 1424 ct
1043 1357 1299 1444 praescientiam
1314 1357 1354 1421 fo·

152 1462 297 1532 tororum
318 1465 437 1550 infDeo
456 1465 535 1538 dari,
552 1464 743 1531 clarissimis
758 1464 868 1529 verbis
884 1464 1000 1549 ubique
1018 1464 1125 1532 docet.
1146 1467 1175 1527 A
1191 1469 1355 1527 saecuto

151 1581 341 1658 usquein
363 1577 597 1646 soeculum,
626 1568 671 1632 ait
690 1569 1056 1648 Ecclesiasticus,
1088 1575 1301 1653 resciet't,⁸
1322 1577 1362 1631 et

152 1681 267 1741 cibit
287 1684 353 1739 cst
372 1678 563 1739 mirabile
583 1683 627 1738 iu
648 1682 868 1754 conspectu
889 1679 976 1752 ejus
998 1677 1045 1750 ⁴).
1066 1709 1102 1719 —
1123 1677 1236 1745 Omnis
1254 1675 1357 1748 bomo,

155 1788 208 1863 qui
229 1783 469 1861 trousyredt'tur
490 1787 602 1844 tectum
624 1802 730 1862 suum,
753 1788 956 1843 couteruuene
976 1783 1012 1840 iu
1033 1783 1171 1841 unimam
1191 1799 1288 1843 suum
1298 1824 1312 1861 ,
1332 1783 1370 1840 el

151 1887 277 1949 diceus:
299 1885 381 1961 erie
397 1908 446 1948 me
461 1888 569 1949 uidet?
588 1893 747 1950 Tenebrae
764 1887 961 1948 circumdant
974 1906 1032 1957 me,
1055 1893 1086 1947 et
1096 1889 1239 1966 parietes
1252 1904 1361 1963 coope-

151 1997 241 2069 riunt
267 2013 332 2064 rue,
363 1999 395 2053 ct
420 2012 510 2053 uemc
543 1995 758 2072 circumspicit
783 2011 850 2053 ute:
877 2010 971 2071 quem
1000 1990 1136 2076 vereor?
1164 1990 1373 2071 Deliciarum

152 2115 293 2158 meorum
314 2116 380 2158 nou
400 2098 623 2158 memorabitur
643 2098 836 2158 Attissiutue.
870 2102 916 2159 Et
935 2116 1001 2157 nou
1021 2095 1187 2174 iuteliiyit,
1211 2100 1382 2178 qucum

151 2204 256 2275 crucio
285 2203 370 2263 videt
395 2207 508 2271 occutus
540 2205 648 2275 itlius,
671 2209 825 2283 ,quonium
856 2203 990 2281 espettit
1020 2222 1041 2262 u
1062 2203 1290 2271 ,setr'nrcreru
1303 2200 1404 2263 Dez'
1414 2195 1432 2241 -’

152 2306 332 2382 cujusmodi·
353 2306 490 2367 bominis
506 2312 582 2379 (seu
597 2303 771 2379 humanus]
788 2310 893 2382 timor,
915 2310 948 2365 et
967 2306 1229 2377 occubuerimus
1244 2306 1439 2389 ‘’W“

152 2415 200 2469 tes
220 2410 331 2470 iilum:
354 2417 385 2470 et
410 2430 474 2472 uou
504 2413 668 2488 coquouit,
710 2413 859 2489 quoniam
887 2410 971 2477 ocuti
1000 2409 1446 2491 Domiuiuultonptuffl

151 2513 323 2575 lucidiores
339 2522 416 2575 sunt
430 2535 527 2594 super
543 2515 651 2587 solem,
673 2495 959 2593 circumspicientes
977 2533 1087 2577 omues
1103 2519 1175 2575 cius
1187 2514 1452 2591 humina

154 2626 186 2678 ct
202 2620 398 2697 prestandum
421 2622 541 2702 abyssi,
564 2626 597 2681 et
614 2621 774 2681 bominum
796 2619 1137 2694 nordumbrensem
1158 2619 1455 2683 obscuratura

151 2729 282 2802 purtcs;
300 2727 466 2784 Domino
487 2726 592 2786 cuim
613 2725 696 2786 Deo
713 2704 1205 2804 autequurucreurcutur,
1225 2725 1457 2785 omutuffl

153 2832 252 2888 suut
271 2833 433 2904 aquito:
462 2835 522 2890 sic
544 2836 693 2909 etpost
716 2833 952 2908 perfectum
973 2831 1153 2910 respicit
1172 2831 1304 2891 omniu
1325 2825 1457 2910 ibe·

153 2929 212 2994 Et:
245 2936 392 3010 Coquoct't
417 2937 569 2994 uncrinus
600 2953 720 2995 omnem
742 2938 916 3007 scientium,
938 2940 968 2993 et
997 2914 1140 3010 insuerit
1168 2935 1204 2994 iu
1230 2936 1359 3012 cicurum
1372 2933 1459 2979 Ξ

155 3041 234 3109 ceri,
256 3043 526 3121 uuuuutr'uus,
549 3060 648 3120 quoe
666 3046 1000 3119 praeterierunt,
1019 3047 1059 3099 et
1080 3056 1189 3115 uuae
1210 3057 1357 3117 uttuer·
1393 3046 1459 3071 θ

154 3150 453 3217 contererent,
476 3145 673 3205 rcoetuus
699 3147 832 3222 cestiqiu
860 3139 1111 3224 occultorum).
1142 3177 1179 3215 ,-
1215 3145 1358 3223 Quieto
1461 3148 1463 3161 ¹

153 3247 385 3324 possedisti
405 3267 528 3308 rcues
548 3265 677 3311 tucos:
698 3251 868 3326 suscepisti
888 3267 938 3308 ute
959 3253 1108 3315 deutero
1129 3253 1245 3315 mutrir
1264 3266 1357 3308 meuc.
1408 3243 1461 3291 ‘⁴'

157 3384 194 3394 —
217 3355 301 3410 Nou
322 3358 385 3423 est
404 3353 661 3413 occultatum
681 3370 725 3412 os
747 3370 873 3413 meum
895 3371 915 3409 u
936 3358 995 3427 te,
1017 3351 1231 3439 quodfecitgti
1251 3352 1359 3419 iuue-

155 3457 257 3514 cutto:
279 3459 309 3512 et
329 3456 509 3515 strbstoutt'u
538 3473 608 3514 meu
634 3456 668 3515 iu
688 3455 895 3532 inferioribus
917 3464 1030 3516 terrac.
1062 3455 1360 3535 Imperfectum
1438 3463 1443 3467 ’

155 3577 280 3618 meum
300 3560 500 3619 ciderunt
519 3558 631 3620 ocuti
652 3562 727 3638 tui,
749 3565 785 3618 et
804 3562 845 3620 iu
866 3559 971 3620 libro
993 3565 1065 3621 tuo
1088 3563 1360 3625 omues-ecri-

156 3665 359 3724 beuiur:
389 3666 459 3724 dies
484 3665 735 3743 formabuntur,
770 3670 801 3725 et
838 3683 930 3726 nemo
966 3667 1002 3724 iu
1038 3667 1093 3730 cis,
1114 3671 1153 3739 ⁷).
1181 3699 1225 3711 -··
1254 3667 1363 3729 Scit
1401 3655 1448 3706 3

158 3769 343 3846 (Sapientia
365 3768 492 3845 diuino)
518 3774 784 3846 praeterita,
814 3776 850 3829 et
875 3777 924 3830 tte
949 3770 1108 3847 suturis
1141 3773 1361 3833 aestimat:
1414 3772 1451 3810 ‘0

52 3934 56 3942 J
156 3876 1360 3953 siyucetmoustrcecit,cutequomsiuut,cteceutus
1437 3879 1443 3906 ²

191 4098 214 4163 ¹)
232 4103 273 4150 De
293 4101 346 4150 cio.
364 4104 400 4151 11.
418 4105 438 4153 1.
457 4108 485 4153 5.
505 4119 530 4154 c.
550 4109 576 4152 1.
595 4119 620 4153 u.
640 4104 668 4154 2.
689 4102 760 4167 Opp.
779 4101 812 4154 Τ.
830 4104 855 4152 7.
873 4115 899 4153 ο.
919 4103 975 4153 122.

189 4181 215 4250 ²)
235 4187 280 4241 cf.
298 4189 527 4243 Tertulliau.
543 4196 611 4243 Ado.
629 4193 762 4244 Marcion.
780 4197 801 4244 1.
820 4195 849 4244 2.
871 4208 895 4240 c.
913 4197 942 4243 6.
961 4190 1032 4255 Ορρ.
1050 4189 1085 4242 V.
1104 4193 1131 4243 2.
1150 4205 1179 4256 p.
1199 4194 1251 4245 182
1276 4207 1302 4245 s.

189 4268 214 4341 ³)
234 4275 278 4328 ct
297 4276 419 4331 Socin.
438 4283 572 4334 Proetect.
590 4298 616 4333 c.
637 4284 685 4331 11.
709 4285 738 4330 ct
757 4277 871 4332 Crcll.
899 4285 938 4330 De
956 4296 1013 4332 cer.
1030 4283 1109 4340 relic.
1127 4285 1148 4333 l.
1170 4286 1197 4333 t.
1216 4297 1243 4333 c.
1262 4287 1312 4334 24,

190 4360 216 4425 4)
235 4363 325 4415 Eccli.
341 4367 384 4426 39,
403 4368 445 4420 25.

190 4445 214 4515 ⁵)
232 4453 322 4506 Eccti.
339 4455 382 4516 23,
399 4457 510 4507 25-29.
530 4456 573 4507 Cf.
592 4459 631 4517 17,
654 4459 759 4507 18-19.
866 4501 869 4505 .

156 4530 169 4553 ⁶
189 4533 213 4607 ⁶)
231 4541 321 4596 necti.
339 4545 381 4607 uc,
401 4545 509 4595 to-co.

189 4628 212 4697 ⁷)
230 4630 280 4687 rs.
300 4634 358 4696 tas,
377 4635 419 4687 13.
440 4634 549 4686 tc-to.
567 4633 610 4686 ct.
628 4638 705 4687 c-s.
