2926 5168
1267 208 1329 283 lbi

120 371 315 442 nominum,
336 373 432 430 utin
452 386 529 449 quo
551 374 588 429 et
616 386 746 444 pense
777 386 888 448 quem
908 366 1150 447 cujustibet
1173 383 1269 428 esee
1290 370 1332 426 et

121 480 181 536 sit
209 479 246 534 et
276 481 452 547 annotet,
484 481 522 537 et
550 477 593 535 iu
622 493 695 555 quo
723 493 797 535 nee
827 484 938 547 erat,
967 491 1036 534 neo
1067 475 1164 544 erit,
1195 488 1329 552 neque

117 582 391 659 factumest,
419 600 550 659 neque
575 582 649 659 sit,
674 598 806 662 neque
826 583 929 660 siet,
958 583 1032 640 imo
1061 597 1135 639 uee
1165 583 1251 657 est,·
1272 582 1330 639 sea

122 687 192 762 ipse
216 691 355 747 estesse
374 689 491 747 rebus:
514 692 546 746 et
568 705 634 747 uon
656 691 777 747 tautum
803 705 862 761 ea,
890 704 975 768 puae
1000 689 1099 764 suut,·
1120 687 1178 745 aed
1198 684 1330 760 ipsum

123 809 214 850 ease
240 808 367 869 rerum,
394 811 444 853 ea
469 801 718 870 proaeterno
734 798 835 855 ente.
855 795 931 870 Ipse
951 795 1034 852 enim
1051 795 1100 851 est
1114 807 1227 851 aenum
1243 806 1330 849 aevo·

123 915 217 966 rum,
250 899 448 958 existens
481 908 574 958 ante
603 916 716 959 omne
744 896 918 960 aevum?
951 893 988 980 ¹).
1017 931 1056 942 —
1090 890 1330 958 Zacharias

124 998 313 1082 Mitylen.
337 997 453 1074 tradit,
484 1000 646 1084 propriam
669 999 843 1064 divinitatis
863 1011 972 1064 notam
994 1019 1070 1063 essa
1093 996 1329 1063 aeternitatem.

123 1112 200 1168 Jam
218 1125 309 1185 vero,
339 1103 401 1177 ait,
432 1126 591 1187 quaenam
610 1104 760 1190 (notatio)
779 1110 886 1186 suerit
909 1108 1036 1185 diantor
1054 1106 1280 1178 admiratione,
1302 1115 1332 1166 et

125 1217 228 1288 aptior
246 1212 358 1273 beatae
376 1217 521 1282 naturae,
544 1232 640 1293 quam
657 1215 851 1285 eeistimare,
874 1230 956 1274 eum
977 1212 1024 1271 ab
1044 1220 1222 1272 aeterno
1244 1215 1331 1272 eui-

125 1328 245 1395 stere,
269 1316 412 1377 eteniam
423 1319 659 1396 immutabilem,
677 1318 950 1394 nulliuseyeutem
964 1334 1084 1389 eorum,
1101 1335 1184 1399 puae
1198 1319 1333 1397 suffecta

125 1431 211 1492 sunt,
234 1421 321 1502 quod
335 1427 405 1500 ipra
417 1424 565 1501 perfectu
584 1425 627 1510 ait
641 1428 673 1483 et
685 1442 744 1500 per
765 1442 803 1483 ee
818 1421 962 1500 efficiens
982 1416 1158 1504 (insipien),
1179 1426 1332 1500 sempi-

125 1535 329 1606 terneque
370 1528 501 1597 endem
532 1528 641 1588 modo
680 1547 724 1588 ee
750 1523 967 1590 'habentem
999 1528 1266 1608 simpliciter,
1296 1532 1336 1587 et

124 1650 261 1712 neque
299 1635 555 1710 principium
592 1633 729 1697 ultum
768 1636 986 1696 nabentem
1023 1652 1156 1716 uepue
1190 1634 1332 1714 finem,

125 1757 198 1798 eam
220 1745 325 1798 autem
347 1743 476 1816 propter
492 1738 594 1799 solum
623 1742 792 1800 bonitatem
814 1739 952 1800 eoudere
960 1782 973 1818 ,
1001 1743 1033 1801 si
1052 1739 1184 1800 condat:
1205 1744 1334 1800 caetera

124 1862 201 1903 vero
213 1847 322 1920 penna
341 1861 414 1903 esse
428 1849 460 1903 et
474 1845 651 1922 mutabilia,
672 1846 898 1922 temporarium
915 1847 1035 1906 babere
1053 1848 1260 1923 principium
1289 1850 1335 1904 ita

126 1950 312 2010 utsotius
333 1947 409 2008 Dei
430 1952 489 2008 stt
512 1952 827 2027 sempiternitas
858 1968 1147 2031 anueaumpue
1177 1952 1257 2030 ipsi
1278 1957 1336 2011 eit

125 2055 401 2130 uniformiter
416 2073 517 2126 esee,
533 2065 566 2115 et
580 2055 691 2126 solum,
703 2062 736 2116 et
749 2055 988 2116 immutabiliter
999 2053 1038 2138 ²).
1053 2090 1089 2102 -
1107 2053 1333 2119 Boethius:

125 2166 254 2220 Deum
275 2165 421 2221 aetern
430 2178 488 2221 um
510 2178 602 2221 ease
609 2203 620 2236 ,
643 2157 774 2233 scribit,
805 2166 989 2223 cunctorum
1007 2164 1134 2222 ratione
1157 2160 1335 2238 depentinm

126 2282 291 2325 commuue
297 2264 458 2340 judicium
477 2270 525 2324 est
542 2264 581 2346 8).
606 2300 643 2311 -
667 2262 988 2327 Tertullianus:
1015 2262 1176 2338 Quantum
1193 2265 1335 2327 bmuaua

126 2369 264 2430 conditio
281 2369 320 2430 de
337 2369 406 2430 Deo
431 2369 562 2447 definire
576 2377 698 2449 potest,
725 2371 762 2433 id
778 2372 893 2450 definio
900 2413 913 2449 ,
943 2376 1030 2450 quod
1049 2376 1080 2430 et
1099 2373 1240 2432 omnium
1255 2391 1335 2432 eon·

125 2478 261 2535 orientia
278 2483 452 2554 apnoseet5
466 2480 568 2534 Deum
578 2492 733 2536 summum
743 2492 817 2535 eoae
832 2490 997 2552 maynum,
1014 2479 1055 2535 iu
1079 2476 1336 2535 aeternitate

127 2586 405 2658 coustitutum,
427 2581 619 2655 innatum,
640 2583 844 2658 insertum,
865 2581 1106 2657 sineiuitio,
1123 2581 1219 2639 siue
1234 2581 1335 2657 siue.

126 2691 224 2747 Hune
240 2688 323 2746 enim
341 2690 458 2745 etatum
472 2687 651 2748 aeternitati·
668 2685 880 2762 ceurentium,
902 2703 987 2766 puae
1003 2701 1162 2745 summum
1186 2703 1335 2760 maenum

126 2799 230 2853 Deum
239 2790 368 2869 efficiat,
381 2791 457 2852 dum
472 2792 530 2852 boe
539 2801 589 2852 est
599 2795 632 2852 in
641 2798 708 2852 Deo
717 2794 798 2872 ipsa,
807 2802 902 2872 atque
911 2793 960 2853 ita
969 2800 1000 2851 et
1010 2794 1141 2850 caetera
1149 2790 1187 2866 ⁴).
1205 2785 1309 2850 lttint
1325 2823 1335 2837 ·

126 2895 211 2960 rius:
234 2896 310 2958 Non
336 2896 431 2957 natu
453 2902 576 2975 tempus
603 2900 783 2958 aeternitas.
808 2900 907 2959 Omne
931 2898 1017 2956 euim
1041 2903 1164 2973 tempus
1187 2901 1258 2974 ipsa
1276 2903 1334 2956 est.

129 3001 225 3076 Quod
236 3003 340 3083 sarit,
368 3007 436 3080 pati
458 3022 523 3063 uon
541 3008 653 3081 potest.
686 3005 782 3063 Curet
800 3007 920 3076 aetate,
952 3007 1037 3080 quoa
1060 3021 1125 3062 non
1147 3003 1222 3062 lieet
1236 3005 1335 3063 narei.

127 3108 221 3169 Deus
238 3111 268 3167 si
282 3112 331 3166 est
344 3111 447 3187 retus,
469 3125 533 3169 non
550 3109 628 3168 erit:
651 3112 679 3167 ai
696 3116 745 3167 ert
756 3124 870 3186 nonus,
891 3126 957 3168 nou
968 3109 1044 3187 fuit.
1068 3110 1195 3168 Noritae
1212 3109 1337 3168 initium

126 3213 327 3292 testificatur,
349 3217 489 3273 vetustas
502 3214 602 3290 finem
620 3214 834 3281 comminatur.
857 3218 965 3272 Deua
987 3216 1122 3272 autem
1143 3218 1223 3272 tum
1244 3212 1336 3272 atie·

127 3337 212 3378 nus
232 3317 277 3378 ab
297 3319 420 3379 initio
442 3327 482 3378 et
498 3321 592 3397 sine
613 3323 688 3394 est,
711 3335 834 3396 puam
855 3337 876 3377 a
897 3321 1097 3396 tempore,
1121 3317 1277 3378 arbitro
1299 3323 1339 3377 et

127 3431 325 3484 metatore
345 3426 464 3484 initii
486 3425 655 3501 utfinis
677 3428 716 3494 ὅ).
737 3457 778 3468 -
799 3418 1070 3484 Ambrosius:
1099 3419 1227 3483 Nibil
1255 3429 1337 3482 tam

122 3531 344 3608 proprium
373 3527 464 3602 Dei,
498 3547 593 3610 quam
616 3547 774 3606 semper
795 3548 889 3590 esee
911 3525 947 3610 ⁶).
979 3562 1021 3573 —
1051 3525 1336 3611 Augustinus:

127 3639 292 3694 Summum
308 3632 431 3707 bonum,
454 3653 515 3714 quo
534 3639 681 3712 superius
698 3653 763 3694 uon
789 3638 846 3706 est,
867 3634 959 3695 Deua
976 3640 1045 3694 eet:
1074 3650 1112 3694 ee
1129 3651 1190 3712 per
1206 3633 1266 3695 boe
1282 3635 1337 3693 iu-

125 3737 348 3800 eommntabiie
371 3742 486 3800 bonum
503 3746 567 3811 eet3
589 3745 622 3800 et
640 3739 708 3800 ideo
723 3758 821 3800 aere
850 3744 1066 3800 aeteruum
1086 3744 1165 3818 eat,
1191 3747 1224 3800 et
1244 3758 1338 3801 rere

162 3982 188 4048 ¹)
208 3985 249 4032 lle
266 3984 319 4031 die.
339 3996 409 4032 nom.
436 3993 461 4031 o.
488 3981 517 4029 5.
535 3981 563 4037 3.
582 3981 614 4029 4.
641 3977 711 4042 Opp.
740 3978 773 4030 Τ.
800 3980 822 4029 l.
848 3991 875 4043 p.
893 3978 952 4028 690.
970 3992 995 4028 a.
1014 3975 1059 4028 Gi.
1078 3975 1226 4031 Maxim.
1245 3979 1349 4052 Senot.

120 4067 461 4135 aun.r.1n.p.ross.

159 4159 190 4222 2)
209 4163 250 4210 lte
267 4163 357 4212 mund.
376 4161 441 4219 opis.
458 4159 490 4209 ln
509 4155 682 4208 Gallantl.
701 4159 774 4210 nint.
795 4161 848 4211 PP.
867 4158 901 4212 T.
922 4158 963 4209 lt.
981 4169 1008 4221 p.
1025 4155 1086 4210 284.
1103 4156 1136 4211 B.

158 4247 187 4314 3)
208 4252 251 4300 De
268 4251 376 4300 rouro&
388 4249 491 4299 Pbilnr.
509 4253 529 4299 t.
548 4251 578 4299 b.
594 4263 621 4306 p.
640 4250 667 4298 6.
685 4261 713 4312 p.
733 4249 790 4300 118.

156 4338 189 4406 ¹0)
209 4341 278 4389 Abu.
295 4339 429 4390 Marcion.
448 4343 468 4388 t.
488 4341 516 4390 1.
535 4353 560 4388 n.
578 4341 608 4389 3.
626 4335 695 4403 0pp.
713 4336 747 4388 V.
768 4341 797 4391 2.
815 4352 841 4404 p.
861 4338 910 4390 lta
927 4352 951 4392 s.
970 4337 1011 4393 Cf·
1029 4341 1097 4393 nav.
1117 4341 1241 4405 Hermop.
1261 4354 1287 4394 u.
1306 4339 1336 4394 4.

112 4434 156 4484 v.
184 4429 319 4493 r.p.asr
339 4441 365 4477 s.

155 4514 185 4582 ⁵)
207 4521 273 4570 Ado.
290 4517 425 4569 Marcion·
444 4519 464 4568 l.
484 4521 511 4569 1.
529 4532 555 4569 n.
573 4518 601 4572 8.
619 4516 654 4568 V.
672 4516 697 4568 2.
715 4531 743 4582 p.
763 4517 820 4568 15³.

152 4605 185 4675 ⁶)
206 4610 240 4660 lu
256 4611 301 4659 Pr.
319 4606 569 4676 430n.*19.0pp.
588 4607 619 4658 Τ.
640 4609 660 4660 l.
684 4620 710 4660 a.
728 4606 789 4661 aab.
806 4607 840 4668 B,
