2926 5168
1309 195 1371 268 tut

243 349 400 414 Adversus
416 352 652 414 immensitatem
669 353 728 415 Dei
746 361 951 430 peccaverunt
965 362 1091 430 praeter
1107 355 1248 431 antiquos
1265 352 1366 415 Plato·

157 458 265 539 nicos3
289 459 338 536 qui
352 460 451 517 Deum
471 459 552 516 intra
569 457 728 533 sphaeram
747 456 896 534 quandam
912 458 1034 536 igneam
1052 459 1235 519 commorari
1262 459 1368 518 existi·

158 562 282 621 mabam
302 558 340 640 ¹),
364 573 394 621 et
408 563 479 621 illos
502 561 719 638 philosophos,
753 563 803 637 qui
824 564 922 622 Deum
950 564 980 621 in
1005 564 1100 622 coelis
1124 563 1270 623 duntaxat
1294 581 1364 622 csse

156 675 360 727 asseruerunt
381 668 429 744 ²),
459 682 477 727 e
509 668 664 726 veteribus
687 666 852 726 haereticis
881 667 1186 737 Valentiniani,
1209 669 1365 728 Gnosti-

154 775 209 842 ci,
231 771 485 842 Manichaei,
507 773 557 848 qui
574 790 641 831 cunr
657 771 714 831 duo
733 791 837 832 rerum
855 774 1006 854 principia
1020 783 1241 848 agnoscerent,
1273 791 1363 831 unum

153 879 283 946 bonum,
305 879 435 937 alterum
449 878 577 945 malurn,
600 877 672 935 illud
689 879 720 936 in
745 879 870 954 regione
897 879 996 948 lucis,
1019 886 1049 935 et
1075 876 1156 935 istud
1179 878 1211 935 in
1233 878 1359 954 regione

154 979 560 1051 tenebrarumcollocabant,
584 999 620 1040 ne
642 976 782 1040 videlicet
795 982 903 1042 bouum
924 1001 942 1041 a
964 982 1042 1041 malo
1072 983 1293 1040 contaminetur
1318 987 1357 1054 3),

153 1105 286 1146 necnon
305 1105 412 1147 omnes
429 1087 492 1156 illi,
516 1088 565 1163 qui
582 1089 679 1145 Deum
706 1102 886 1162 corporeum
908 1088 1071 1147 finxerunt.
1101 1089 1184 1145 lnter
1209 1087 1361 1145 recentio-

152 1211 206 1251 res
231 1192 407 1252 haereticos
444 1192 501 1251 buc
527 1194 679 1268 pertinent
701 1192 940 1266 Sociuiani,
963 1194 1012 1270 qui
1035 1191 1217 1253 contendunt
1227 1235 1240 1270 ,
1261 1193 1358 1251 Deum

152 1296 364 1356 tantummodo
386 1297 483 1374 quoad
513 1298 659 1356 virtutem
681 1305 710 1356 et
733 1299 939 1375 operationem
960 1298 1052 1357 rebus
1074 1297 1212 1355 omuibus
1242 1294 1361 1382 adesse,

152 1400 251 1478 quoad
273 1402 473 1460 substantiam
496 1410 597 1461 autem
615 1402 681 1461 solo
700 1404 785 1462 coelo
808 1404 956 1462 contineri
969 1398 1009 1484 ⁴).
1038 1401 1171 1460 Eandem
1193 1401 1362 1476 opinionem

153 1524 315 1566 erroneam
336 1523 417 1565 saec.
438 1507 521 1567 XVI.
543 1506 748 1566 Steuobus
769 1502 1011 1586 Eugubinus
1033 1508 1162 1565 tenebat.

237 1605 396 1672 Doctrina
419 1617 526 1670 autem
548 1589 688 1672 vera‘ao
710 1605 869 1673 catholica
885 1618 951 1683 est,
974 1607 1099 1672 Deum
1119 1605 1361 1672 immensum

152 1711 792 1796 essc,rebusqucomnibusae
824 1712 941 1777 locis
983 1732 1062 1775 uon
1099 1722 1256 1776 tanturn
1298 1732 1358 1776 co·

151 1817 355 1903 gnitione
378 1828 421 1881 et
442 1816 717 1900 operatione,
741 1817 815 1882 sed
838 1816 1037 1881 essentia
1057 1815 1230 1891 intime,
1253 1839 1353 1882 sum·

150 1944 209 1986 mo
232 1921 271 1986 in
297 1922 432 2009 gradu
454 1941 500 1986 ac
521 1921 766 2007 immediate
787 1933 1038 2007 presentem
1061 1923 1225 1986 adesse.
1254 1922 1357 2001 Quam

277 2028 372 2092 118.
399 2026 570 2111 Scriptura
591 2027 806 2112 pulcherrime
830 2026 915 2092 etin
945 2026 1077 2092 infinitis
1105 2026 1174 2091 fere
1204 2025 1283 2091 locis
1306 2046 1360 2090 ex·

151 2131 252 2217 ponit.
275 2130 331 2196 Ex
347 2130 462 2217 quibus
475 2142 599 2196 tantum
615 2131 842 2217 principaliora
855 2134 1048 2198 adferemus.
1070 2130 1122 2196 Ex
1134 2130 1358 2217 scriptoribus

152 2238 191 2300 Α.
223 2236 268 2300 Τ.
294 2238 362 2320 jam
393 2236 583 2320 Moyses,
625 2236 760 2321 loquens
788 2238 829 2301 sd
863 2239 1015 2323 populum
1043 2232 1265 2312 israeliticum,
1297 2236 1359 2300 ait:

151 2342 239 2405 notro
263 2362 339 2420 erqo
368 2342 480 2423 bodie,
508 2349 540 2404 et
564 2347 701 2421 capituto
727 2348 763 2406 in
792 2347 885 2405 corde
916 2353 988 2426 tuo,
1029 2346 1115 2426 quod
1153 2345 1211 2406 Do
1225 2347 1362 2412 mlinus

150 2451 240 2528 ipse
279 2451 339 2508 sit
364 2448 478 2509 Deus
506 2451 551 2509 in
583 2450 707 2511 ooclo
733 2468 919 2524 sursum,
951 2451 1052 2512 etin
1082 2454 1202 2510 terra
1232 2456 1357 2510 deor·

149 2571 240 2614 aum
262 2558 302 2628 ⁶).
324 2549 369 2614 Et
382 2549 414 2614 in
434 2550 518 2616 libro
539 2551 619 2617 tob
642 2552 781 2640 legiturz
803 2554 1039 2617 Eoeoelsior
1069 2556 1181 2616 coelo
1213 2559 1292 2632 est,
1325 2560 1357 2615 et

150 2658 230 2739 quid
242 2658 373 2737 socies?
388 2660 656 2739 profundior
677 2663 872 2739 inferno,
895 2666 927 2720 et
943 2655 1238 2736 undeownoscesd
1258 2658 1357 2721 Lon·

147 2766 239 2840 pior
259 2769 380 2824 terra
399 2781 597 2824 mensura
618 2766 729 2839 ejus,
752 2770 789 2824 et
819 2768 950 2827 tutior
979 2769 1088 2825 mori
1109 2762 1149 2847 ⁶).
1171 2761 1244 2839 Quo
1272 2773 1359 2825 utro·

149 2886 211 2950 que
232 2865 306 2930 loco
329 2866 425 2929 modo
444 2865 592 2951 populari
613 2867 705 2930 Deus
727 2865 842 2952 ubique
864 2886 1039 2950 praesens,
1063 2865 1219 2951 nullisque
1242 2865 1356 2950 spatiis

148 2969 261 3039 linitus
291 2969 498 3034 describitur.
531 2969 637 3035 Simili
677 2969 772 3056 modo
811 2970 1007 3035 Salomon
1047 2969 1079 3035 in
1094 2957 1352 3058 ¹inauguratione
1443 3025 1446 3033 .

148 3073 262 3159 templi
282 3071 532 3138 immensitatem
553 3073 618 3137 Dei
645 3071 841 3158 profitetur,
864 3093 938 3137 curn
974 3064 1081 3139 orans
1098 3073 1157 3137 ait:
1181 3074 1225 3138 sa·
1246 3080 1353 3138 anim

145 3182 330 3260 coelum,
362 3186 401 3241 et
424 3180 532 3240 coeli
560 3181 771 3241 coelorum
803 3188 840 3240 te
870 3199 1025 3258 capere
1056 3187 1355 3258 conspuerunt,

149 3296 273 3370 quanto
294 3286 535 3363 maffia-donuae
555 3285 652 3363 daeo,
675 3305 770 3366 quom
800 3281 990 3364 aedificavi?
1020 3283 1058 3368 ⁹).
1082 3282 1144 3348 cei
1176 3296 1356 3349 consonant

140 3387 291 3455 Isaiae
323 3386 437 3454 verba:
481 3388 571 3450 Haec
600 3390 677 3449 dicit
704 3389 878 3451 Dominus:
912 3389 1221 3452 Coctumsedes
1243 3411 1356 3472 meo,

142 3504 271 3559 terra
299 3500 434 3557 autem
462 3493 703 3556 scabellum
730 3495 876 3573 pedum
904 3513 1103 3556 meorum:
1124 3516 1205 3576 qaae
1226 3500 1357 3558 ostiolo

134 3604 276 3674 ὀοηιιιε,
305 3620 400 3683 quem
433 3599 640 3679 aedificabitis
667 3599 769 3661 mibi?
803 3605 834 3661 ct
860 3602 932 3681 prtia
958 3605 1008 3661 eet
1035 3603 1096 3662 iate
1123 3606 1210 3662 locus
1239 3604 1354 3682 quietis

180 3838 207 3900 ¹)
227 3835 271 3888 Gi.
290 3833 425 3887 dustln.
440 3834 480 3884 ltl.
501 3834 659 3885 detornant
679 3833 778 3883 Graec.
793 3845 821 3882 n.
835 3832 918 3882 5-6.
937 3829 1096 3897 0pp.p.10
1117 3844 1142 3882 s.

176 3925 203 3992 ²)
223 3925 265 3979 Gi.
282 3924 356 3977 ld.l.
370 3936 396 3977 o.

176 4011 204 4080 ³)
224 4014 269 4069 01.
287 4012 488 4079 Angustia.
506 4014 581 4064 Cant.
605 4012 692 4069 Epist.
707 4011 829 4068 fundam.
853 4025 877 4060 e.
905 4013 955 4061 11.
977 4012 1026 4061 16.
1040 4024 1068 4061 n.
1091 4011 1138 4060 16.
1152 4011 1196 4059 19.
1215 4006 1285 4072 Opp.
1314 4006 1347 4058 Τ.

117 4102 171 4159 8.
189 4119 216 4157 c.
237 4107 297 4158 tao.
311 4105 368 4155 idi.
385 4105 571 4155 eonr.1roosr.
590 4104 609 4152 l.
629 4103 678 4151 25.
693 4113 718 4150 c.
739 4103 765 4150 1.
783 4098 817 4151 Τ.
834 4098 860 4151 8.
875 4110 903 4151 c.
915 4097 975 4148 133.
993 4099 1114 4156 confess.
1129 4099 1147 4149 l.
1164 4100 1194 4149 6.
1215 4111 1242 4150 ο.
1259 4099 1307 4146 10.
1322 4112 1348 4148 n.

120 4199 199 4250 20.
215 4195 250 4249 ¹1⁸.
265 4197 289 4245 1.
305 4206 329 4246 e.
344 4193 404 4246 116.
418 4195 474 4242 eto.

179 4283 207 4348 ⁴)
226 4280 473 4342 cf.crelltus‚
491 4279 702 4339 versantia.
722 4280 787 4330 ld.
806 4291 831 4331 ο.
850 4280 900 4331 21.

180 4367 206 4436 ⁵)
223 4375 307 4424 Dent.
323 4370 348 4431 b,
365 4370 410 4422 39.

180 4454 209 4525 ο)
225 4459 292 4514 dol).
311 4461 353 4523 ¹¹,
370 4461 396 4514 8ο
413 4461 439 4512 9ο

181 4548 204 4616 ⁷)
222 4553 249 4607 3.
264 4551 335 4619 ch.
351 4550 379 4614 8,
395 4550 438 4604 27.
455 4545 538 4602 (11.2.
554 4543 647 4600 Parni.
663 4546 690 4609 o,
719 4544 759 4600 rs.
