2926 5168
1274 226 1334 292 ili

226 380 363 440 Adnot.
385 379 421 440 st
436 398 503 440 cum
517 379 682 458 'theologis
703 374 916 458 antiquioribus
940 375 1022 456 loqui
1037 377 1202 438 vellemus:
1226 378 1334 439 distin·

143 483 205 543 ctio
224 480 279 544 illa
294 487 373 545 inter
389 487 534 546 attributa
549 485 650 544 divina
662 487 743 546 inter
761 503 796 545 se
813 494 840 544 et
854 487 930 544 inter
946 483 1147 544 substantiam
1162 502 1217 545 seu
1232 500 1334 545 essen·

140 587 216 647 tiam
231 589 363 650 divinam
384 591 588 650 virtualis
610 589 735 651 dicenda
753 600 841 650 esset.
861 589 924 650 Sub
938 608 995 667 qua
1019 590 1192 668 intelligunt
1229 589 1335 650 distin·

140 693 272 753 ctionem
283 712 302 753 a
315 694 447 756 diversis
463 705 593 755 sumtam
604 696 785 765 virtutibus,
807 713 875 773 qnae
894 695 924 753 in
938 712 997 754 nna
1014 694 1174 774 eademque
1183 712 1280 772 repro
1293 693 1335 752 di·

139 799 287 858 versitate
297 800 456 860 effectuum
474 802 666 880 cogitantur,
690 809 721 860 et
740 818 857 877 quarum
872 818 957 859 mens
971 810 1076 861 nostra
1091 801 1122 859 iu
1148 819 1182 858 re
1204 809 1335 859 contem·

139 903 250 978 plaude
267 903 460 978 modahanc,
481 906 568 965 modo
581 906 664 965 illam
681 907 840 982 explicite,
867 907 972 964 missis
993 907 1139 982 reliquis,
1168 904 1334 980 apprehen·

140 1007 200 1077 dit;
223 1018 254 1070 et
269 1028 335 1071 eam
352 1011 439 1093 quasi
468 1013 500 1070 in
525 1011 622 1070 medio
657 1013 806 1070 collocant
821 1012 895 1070 inter
918 1010 1142 1069 distinctionem
1164 1010 1334 1087 realem,

138 1115 221 1174 inter
238 1134 274 1176 ea
289 1116 541 1190 intercedentem,
571 1135 647 1194 quae
669 1137 686 1176 a
707 1137 741 1176 se
768 1135 872 1194 reapse
896 1123 1091 1192 separantur,
1121 1114 1170 1171 vel
1197 1116 1334 1189 separari

138 1217 286 1296 possunt,
308 1229 359 1281 aut
375 1223 434 1280 sibi
452 1224 550 1283 relato
567 1221 747 1282 adinvicem
770 1231 975 1299 opponuntur,
1005 1227 1034 1278 et
1059 1222 1139 1278 inter
1165 1216 1334 1276 distinctio·

137 1342 208 1385 nem
231 1327 359 1386 nomin
370 1327 487 1400 alem,
510 1328 540 1386 in
559 1330 625 1387 sola
640 1329 793 1387 nominum
806 1327 979 1387 diversitate
992 1327 1092 1386 sitam.

266 1535 292 1618 i.
315 1532 378 1602 10.
399 1530 578 1603 nivisio
600 1531 916 1605 attributorum
938 1527 1204 1600 divinorum.

220 1720 384 1787 Attrrbuta
407 1721 513 1788 divina
535 1743 555 1787 a
579 1719 718 1788 diversis
746 1724 872 1790 diverso
887 1721 982 1786 modo
998 1720 1193 1786 dividuntur.
1217 1717 1332 1796 Quam·

135 1823 190 1888 vis
204 1843 410 1902 censeamus,
432 1827 486 1892 illa
504 1848 567 1891 nou
582 1839 646 1892 tam
666 1833 698 1891 in
718 1841 826 1894 certas
844 1831 966 1894 classes
979 1823 1216 1894 distribuenda,
1240 1842 1332 1907 quam

135 1928 244 2014 potius
260 1931 372 1995 ordine
390 1931 617 2016 systematico,
640 1933 693 2018 qui
706 1939 737 1997 in
753 1933 823 2019 ipsa
841 1933 945 1997 divina
956 1942 1069 1997 natura
1083 1928 1241 2001 fundatur,
1258 1947 1332 2011 pro·

134 2035 285 2118 ponenda
307 2056 398 2102 esse:
419 2048 551 2122 propter
564 2037 613 2101 rei
622 2048 727 2102 tamen
747 2037 889 2103 notitiam
905 2035 1145 2121 principaliores
1157 2030 1332 2096 divisiones

135 2140 404 2207 enumerabimus.

219 2251 247 2314 1.
268 2246 335 2312 Alii
359 2267 439 2335 ergo
464 2245 619 2311 attributa
642 2245 749 2312 diviua
773 2245 999 2332 dispertiuntur
1014 2243 1047 2308 in
1068 2239 1331 2306 affirmativa

134 2359 169 2413 et
191 2350 409 2440 negativa.
430 2350 709 2417 Aliirmativa
731 2364 805 2416 sunt
820 2351 857 2416 iis
875 2351 1047 2434 illa,quae
1062 2367 1120 2432 per
1140 2349 1224 2409 viam
1246 2343 1331 2408 atlir·

133 2454 302 2531 metionis,
325 2467 359 2520 ot
372 2456 520 2521 terminis
536 2444 740 2521 affirmativis
761 2458 801 2520 de
823 2454 892 2520 Deo
912 2452 1155 2541 praedicantur,
1178 2461 1233 2525 ut,-
1255 2469 1331 2514 esse

133 2578 209 2624 eum
224 2559 431 2637 omniscium,
453 2562 724 2646 omnipotentem,
747 2573 825 2636 etc,;
853 2556 1051 2648 negativa
1072 2576 1151 2620 vero
1170 2576 1226 2629 ea,
1249 2575 1330 2639 quae

132 2681 194 2746 per
207 2662 337 2728 modum
354 2663 538 2753 negationis
557 2685 596 2730 ac
619 2664 766 2729 terminis
788 2663 967 2752 negativis,
988 2673 1024 2726 ut
1051 2683 1126 2727 esse
1152 2659 1330 2734 infinitum,

131 2767 339 2843 immensum,
360 2769 412 2834 vel
437 2768 534 2833 etiam
560 2769 706 2833 terminis
735 2768 881 2853 positivis
903 2767 1120 2843 enuntiantur,
1142 2765 1195 2851 qui
1223 2776 1329 2829 tamen

114 2873 165 2937 ,iu
177 2893 238 2937 sua
257 2873 386 2937 untione
399 2873 605 2961 negationem
618 2873 804 2948 involvunt,
824 2873 891 2938 sine
905 2893 966 2958 qua
982 2892 1002 2936 a
1016 2872 1109 2936 nobis
1125 2892 1166 2934 ne
1192 2868 1329 2956 cogitari

131 2977 264 3062 quidem
277 2989 432 3064 possunt,
454 2988 490 3042 ut
511 2977 710 3063 simplicitas,
733 2978 755 3046 i.
785 2998 815 3045 e.
843 2979 1057 3062 cujuscunque
1087 2973 1330 3060 compositionis

130 3082 289 3147 absentia.
311 3082 464 3146 Attamen
491 3082 596 3148 omnia
625 3083 777 3148 attributa
803 3083 835 3147 in
861 3082 953 3156 Deo,
975 3080 1008 3144 in
1039 3100 1076 3144 se
1112 3078 1329 3152 considerata,

129 3186 242 3274 reipsa
261 3185 559 3273 suntaffirmativa3
581 3188 695 3252 modus
713 3198 835 3271 autem,
858 3206 953 3273 quoa
975 3185 1069 3248 nobis
1092 3183 1326 3269 concipiuntur,

129 3291 185 3356 vel
202 3311 282 3356 vero
296 3292 532 3377 exprimuntum,
553 3293 760 3359 accidentalis
789 3303 853 3368 est,
882 3292 1065 3376 nullumque
1092 3289 1228 3356 solidum
1252 3287 1328 3350 divi·

128 3393 229 3459 dendi
239 3394 478 3469 fundamentum
496 3395 651 3462 exhibere
667 3407 786 3482 potest

216 3499 247 3564 2.
268 3499 330 3567 Atii
357 3500 466 3569 divina
489 3500 642 3566 attributa
663 3500 805 3566 dividunt
834 3503 865 3568 in
894 3498 1267 3570 communicabilia
1296 3506 1329 3560 et

128 3605 571 3682 incommunicabilia,
600 3619 697 3690 prout
723 3610 946 3674 tumentibus
976 3605 1074 3671 linitis
1099 3606 1204 3692 aliquo
1232 3604 1327 3667 modo

126 3708 361 3776 communicari
374 3722 527 3796 possunt,
550 3722 681 3776 autnon
704 3725 847 3797 possunt
868 3713 1088 3777 Veruntamen
1112 3709 1220 3774 omnia
1240 3707 1328 3772 attri-

126 3817 207 3880 buta
222 3814 328 3901 aliquo
344 3827 514 3901 respectu,
528 3868 530 3875 .
546 3827 670 3881 semota
691 3817 815 3882 scilicet
837 3837 947 3881 eorum
971 3815 1098 3880 interna
1132 3813 1328 3880 necessitate

127 3932 225 4007 atque
242 3917 364 3985 infinita
378 3920 594 4006 permotione,
616 3941 688 3986 cum
706 3920 831 3987 entibus
844 3920 942 3986 linitis
962 3919 1244 3995 communicantur,
1266 3918 1328 3981 alio

127 4035 284 4111 respectu
299 4036 426 4101 autem,
449 4025 478 4090 si
492 4036 641 4111 tauquam
654 4026 803 4090 absoluta
821 4036 914 4110 atque
931 4024 1055 4090 infinita
1072 4023 1328 4095 considerantur,

126 4151 202 4196 cum
222 4128 339 4194 iisdem
353 4130 582 4195 communicari
595 4130 722 4219 omnino
739 4150 804 4194 nou
818 4140 962 4215 possunt
998 4128 1173 4195 Caeterum
1196 4127 1327 4202 divisio,

124 4247 163 4300 ut
179 4233 288 4320 prior,
309 4254 374 4300 nou
398 4246 514 4300 estex
538 4235 609 4321 ipsa
630 4235 737 4300 indole
761 4234 984 4299 attributorum
1007 4233 1186 4301 divinorum
1210 4254 1327 4317 reapse

123 4349 289 4414 mutuata,
312 4339 574 4406 sed‘accidentali
587 4350 708 4406 tantum
727 4360 765 4404 ea
780 4338 943 4428 cogitandi
955 4340 1073 4406 rationi
1095 4353 1326 4428 superstructa.

209 4447 242 4513 3.
255 4430 318 4509 biit
329 4442 528 4533 ‹fistiuguunt
544 4445 628 4510 inter
639 4445 792 4511 attributa
814 4467 861 4532 qu
872 4444 907 4512 ie
923 4467 941 4517 s
956 4445 1111 4524 centia,
1124 4469 1184 4514 seu
1197 4447 1248 4513 im
1259 4469 1328 4514 ma·

119 4548 292 4624 nentia,
328 4548 550 4636 (dsotpypaen),
587 4562 621 4616 et
662 4551 885 4637 operativa
928 4573 987 4617 seu
1028 4554 1327 4630 transeuntia,
