2926 5168
120 203 183 289 tit

121 363 251 440 spondit
278 361 414 427 Thomas
423 407 433 439 ,
457 372 487 424 et
511 363 595 423 discit
617 364 668 441 ei,
691 352 768 420 εἶπεν
787 354 889 438 oduei:
911 361 1115 424 Dominus
1136 382 1270 445 meus,
1293 368 1331 425 el

120 469 237 528 Deus
259 489 289 529 m
300 487 388 541 eus,
410 454 431 526 1ὁ
451 461 548 548 κύριός
562 487 618 545 μου
632 465 681 525 καὶ
697 458 798 536 ὁΘεὸς
819 488 892 546 μου,
917 464 1042 549 scilicet
1058 461 1094 526 oti
1108 461 1136 527 ei
1157 464 1195 550 ¹).
1222 463 1329 543 Verba

120 571 227 656 itaque
242 592 306 635 non
322 581 397 634 sunt
411 569 620 645 admirantis,
642 591 702 654 per
716 569 986 634 exclamationem
1000 569 1137 650 prolata,
1156 570 1217 634 sed
1235 590 1329 634 enun-

121 675 243 743 tiantis.
263 675 359 758 Quod
375 676 514 762 adparet
527 675 595 761 jpm
616 695 660 746 ex
680 675 816 749 uticus
831 676 979 759 adiecto,
1002 686 1036 747 at
1061 675 1241 761 praecipue
1259 674 1328 739 inde

121 780 345 867 cognoscitur,
363 780 512 865 quoniam
529 779 743 866 Evangelista
761 778 902 858 definite,
914 781 1017 844 verba
1033 780 1085 844 illa
1102 783 1141 845 ad
1162 780 1330 846 Christum

125 886 211 950 sacta
230 906 324 960 esse,
347 897 468 949 narrat.
491 886 529 948 Si
551 906 632 949 vero
660 886 759 949 verba
782 887 863 952 haec
883 888 923 951 ad
938 887 1104 952 Christum
1120 888 1329 954 referuntur:

119 993 192 1076 ipse
215 991 330 1057 iisdem
360 1004 472 1077 aperte
498 991 657 1063 uomtous
677 1013 717 1065 oe
741 994 835 1063 Deus
858 1014 956 1067 uerus
982 993 1203 1081 significator,
1236 1013 1328 1078 quon

121 1097 235 1170 aium,
258 1117 481 1182 quantorum
502 1097 651 1170 Thomas
664 1098 877 1184 ignorarent.
896 1100 1053 1185 ¹§til-votur
1068 1111 1178 1175 autom
1202 1110 1328 1168 ¹troitum

120 1202 230 1278 abest,
252 1214 287 1268 ut
303 1203 506 1286 Apostolum,
530 1205 601 1287 ejus
620 1203 816 1275 diriniutsm
827 1206 932 1290 pelam
944 1203 1327 1292 proliteulemeurrigat,

121 1305 179 1378 sed
195 1306 322 1390 potius,
343 1309 431 1391 quod
443 1309 617 1392 professus
633 1309 748 1384 fueret,
766 1311 934 1395 approbat,
947 1321 980 1373 et
996 1330 1071 1378 eum
1086 1310 1225 1385 tunditis,
1238 1331 1327 1395 pren

120 1413 277 1493 decebat,
299 1411 344 1479 ita
367 1412 547 1485 credidisse
578 1416 689 1488 ducet,
718 1416 895 1501 tortosque
908 1415 989 1507 iore
1008 1415 1061 1500 quai
1076 1414 1279 1488 ussitidem,
1298 1425 1326 1481 ut

81 1505 85 1510 ’
119 1519 192 1593 ille,
213 1518 286 1602 ipso
305 1518 377 1583 viso
393 1513 522 1585 demum
543 1519 758 1596 crediderint,
782 1519 921 1607 affirmet
943 1526 983 1601 ²).

529 1703 556 1799 i·
581 1700 645 1789 iiii·
665 1703 696 1784 p,
717 1700 925 1789 ritimis.

204 1871 349 1947 Quamvis
364 1892 438 1933 vero
458 1875 543 1933 Petri
561 1874 713 1952 professio
730 1883 819 1952 atque
839 1871 990 1950 professio
1011 1875 1147 1933 'rhomae
1175 1875 1258 1933 inter
1278 1884 1321 1932 te-

121 1981 264 2037 stimonia
283 1981 497 2053 Apostolorum
517 1998 571 2056 pro
594 1980 750 2038 divinitate
769 1981 838 2037 llilii
858 1982 987 2054 primum
1013 1981 1072 2039 sibi
1103 1989 1234 2038 eatenus
1265 1980 1319 2036 vin·

121 2085 201 2142 diuet
218 2088 336 2154 locum,
361 2095 507 2162 quatenus
525 2094 651 2162 utraque
670 2094 822 2162 tamquam
850 2087 971 2143 effatum
994 2085 1109 2144 christi
1127 2086 1237 2160 ipsius
1260 2072 1321 2160 iipa-

121 2207 174 2246 uou
189 2193 321 2266 spectari
336 2191 438 2251 debet:
468 2193 649 2267 praecipuus
668 2199 768 2248 tamen
788 2192 869 2248 inter
883 2193 1048 2267 Apostolos
1063 2191 1238 2249 divinitatis
1255 2189 1321 2246 Jesu

120 2297 211 2353 testis
225 2305 254 2353 et
273 2298 410 2354 assertor
430 2296 498 2353 sine
516 2292 604 2354 dubio
624 2305 671 2353 est
689 2296 854 2372 discipulus
876 2297 940 2368 ille,
958 2314 1044 2373 quem
1060 2295 1207 2372 diligebat
1227 2295 1321 2358 Jesos,

120 2401 257 2459 Joannes
281 2402 501 2477 Evangelista‚
524 2401 574 2476 qui
598 2402 708 2477 dogma
736 2411 873 2459 nostrum
902 2403 1039 2460 consulto
1063 2409 1171 2461 eontra
1197 2399 1321 2474 ejusden

125 2508 342 2577 adversarios,
360 2507 424 2580 jam
455 2507 564 2582 primis
586 2508 744 2567 Ecclesiae
759 2508 892 2566 saeculis
907 2515 1009 2574 ortos,
1033 2514 1062 2564 et
1081 2506 1246 2593 speciatim
1262 2521 1318 2562 eou-

123 2621 170 2667 tra
200 2612 377 2670 Corinthum
401 2611 550 2681 adstruit,
574 2620 662 2688 atque
689 2615 719 2670 iu
744 2613 910 2690 Evangelio
937 2611 1191 2690 enumerando,
1217 2612 1318 2669 nullum
1347 2643 1349 2646 >

122 2715 213 2771 alium
241 2716 299 2772 sibi
328 2711 469 2791 praefixit
495 2717 599 2785 finem,
623 2734 711 2792 quam
737 2717 809 2775 illud
833 2719 931 2792 ipsum
950 2717 1059 2794 dogma
1079 2715 1278 2784 ostendendi,
1297 2719 1319 2770 ul

123 2818 303 2888 credamus,
328 2823 404 2898 quia
420 2818 522 2879 Jeaus
550 2825 599 2879 esi
623 2819 773 2881 Christus
794 2821 940 2882 mitius
961 2820 1056 2890 liet,
1079 2826 1110 2880 el
1131 2827 1171 2881 ut
1192 2827 1320 2880 creden·

122 2928 186 2993 tes,
208 2929 303 2983 vitam
322 2903 496 2984 habeamus
515 2927 550 2984 iu
569 2930 696 2984 numne
712 2927 783 3001 ejus
804 2922 841 3007 ³).

206 3024 261 3086 Ex
275 3025 452 3089 innumeris
469 3036 576 3088 autem
592 3025 808 3102 testimoniis,
831 3027 883 3090 vel
899 3027 1007 3111 potius
1021 3028 1096 3091 loco
1114 3026 1216 3092 totius
1226 3029 1326 3092 Evan-

123 3129 199 3214 getii
217 3131 374 3205 ioannis,
400 3133 484 3216 quod
503 3131 555 3195 hic
578 3130 827 3195 exscribendum
853 3143 960 3207 esset,
983 3132 1186 3196 solummodo
1209 3132 1331 3197 initium

122 3234 207 3296 illius
223 3234 416 3308 adferimus,
440 3237 524 3320 quod
542 3235 588 3298 ita
605 3257 642 3299 se
659 3237 772 3300 habet:
797 3239 816 3296 I
821 3260 841 3299 n
862 3243 1077 3320 principio
1101 3246 1206 3302 erat
1232 3240 1336 3300 Ver·

126 3344 230 3414 bum,
260 3349 291 3403 et
316 3340 555 3404 Verbum‘erul
578 3346 665 3424 opud
688 3345 807 3423 Dauni,
839 3352 869 3405 el
891 3351 1005 3406 Deus
1027 3355 1120 3406 erat
1148 3344 1342 3405 Verium·

126 3443 179 3506 Ἐν
197 3443 272 3528 ἀρχῇ
286 3436 320 3526 ἦν
339 3443 354 3506 ὁ
373 3441 468 3528 λόγος,
493 3448 542 3506 καὶ
562 3427 683 3529 ὁιλόγος
694 3439 729 3528 ἦν
748 3444 823 3529 πρὸς
840 3445 891 3508 τὸν
908 3444 983 3509 θεὸν
989 3493 999 3523 ,
1022 3448 1072 3508 καὶ
1086 3443 1165 3520 θεὰς
1184 3439 1221 3528 ἦν
1245 3433 1345 3508 ὄλῦ·

122 3574 183 3634 poc.
206 3589 245 3600 -
270 3553 413 3614 Ouinio
431 3575 506 3631 per
527 3558 805 3633 iprumfuola
825 3563 941 3616 suut:
972 3561 1009 3616 el
1040 3559 1132 3618 sine
1159 3559 1253 3634 ipso
1276 3556 1349 3635 μ’

123 3661 453 3728 clamosissimi
479 3636 1352 3741 quodfaotumest.1tdnodt’odoottptvsro,nvl

122 3763 211 3843 χωρὶς
232 3759 325 3841 pioni
354 3761 461 3842 ἐγένετο
485 3759 555 3823 οὐδὲ
577 3759 615 3840 ἓν,
638 3758 654 3825 ὃ
674 3767 795 3848 γέγονεν.
818 3804 856 3814 -
879 3775 925 3829 nt
954 3769 1093 3829 Verium
1114 3787 1192 3828 curo
1210 3763 1357 3845 factust

125 3877 192 3948 esi,
215 3876 247 3931 el
268 3871 421 3931 lectitarit
449 3877 483 3930 iu
510 3873 622 3931 uobis:
645 3880 675 3934 et
703 3876 838 3935 uidimus
865 3876 1001 3951 plorium
1033 3876 1119 3948 ejus,
1148 3877 1299 3951 pluria
1324 3869 1360 3917 ¹²¹

126 3981 251 4057 qaeusi
272 3980 488 4054 tenipeuitt'
510 3998 530 4036 u
551 3979 676 4038 Patre
692 3981 824 4060 plemam
847 3984 991 4056 pratiae,
1013 3982 1225 4057 alacritatis,
1249 3969 1365 4049 dofff'

126 4078 166 4150 ὡς
181 4085 370 4161 μονογενοῦς,
392 4073 643 4163 πλήρηςλχὰριτος
662 4083 712 4165 uoti
730 4080 895 4164 ἀληθείας,
918 4081 1101 4146 hominibus
1118 4080 1247 4146 scilicet
1265 4061 1369 4144 tiis&

121 4250 357 4266 ffl—

163 4334 187 4399 ¹)
208 4335 293 4386 Joan.
310 4336 354 4395 2⁰,
375 4337 484 4387 itt—29.

164 4420 188 4483 ²)
207 4437 235 4476 v.
253 4427 297 4476 29.
317 4423 359 4475 ci.
377 4425 558 4475 Athenas.
580 4427 654 4476 torst.
672 4427 768 4478 Arion.
789 4429 831 4476 Or.
852 4428 880 4479 2.
899 4444 927 4480 n.
953 4431 1002 4481 23.
1021 4430 1092 4497 Opp.
1119 4426 1154 4480 ⁹1¹.
1173 4429 1198 4480 1.
1214 4427 1248 4478 Ρ.
1266 4428 1292 4475 1.

133 4513 192 4562 tul.
211 4514 245 4565 Ε.
265 4542 296 4553 -
317 4514 447 4579 cyrill.
465 4514 562 4564 Alex.
577 4517 702 4567 ltu-loun.
717 4520 737 4567 l.
755 4520 801 4567 12.
820 4533 844 4568 ο.
867 4525 893 4567 1.
913 4519 982 4585 0pp.
1000 4518 1033 4569 Τ.
1053 4519 1079 4570 lt,
1097 4534 1124 4586 p.
1146 4521 1222 4570 1109.

160 4599 184 4669 ⁸)
204 4607 287 4657 Joan.
305 4609 348 4665 20,
365 4607 407 4655 31.
