2926 5168
141 417 220 466 ctum
244 428 312 469 csse
328 409 472 469 mundum
490 410 683 478 universum,
707 408 767 464 imo
786 407 934 483 Spiritum
958 407 990 465 S.
1014 425 1072 465 non
1089 407 1186 465 fuisse
1215 407 1243 464 ei
1266 410 1344 483 peni-

142 523 191 573 tus
207 516 361 592 ignotum,
385 515 535 575 declarat:
557 512 644 573 Non
665 531 759 587 erpa
781 511 914 572 eadem
935 529 1015 573 nos
1037 532 1081 572 ac
1103 513 1191 571 alii
1214 512 1344 588 opina·

143 637 252 696 mur;
272 624 348 681 sed
367 623 510 679 nostra
532 635 678 677 amnes
700 617 856 675 imitati
877 616 1136 680 edisserunt.
1159 615 1253 677 Haec
1271 635 1349 677 sarae

143 724 232 804 apud
245 741 305 784 nas
324 722 436 784 audire
450 728 512 796 est,
534 731 565 784 et
579 726 703 783 discere
724 741 768 780 erc
781 723 840 799 iis,
865 723 919 800 qui
940 741 981 782 ne
998 724 1124 800 liparas
1145 724 1275 802 quidem
1297 725 1348 782 tit-

144 836 285 891 teraram
301 834 433 900 norant,
456 832 610 907 imperitis
626 827 806 885 bonunibas
820 831 851 885 et
863 827 974 903 linqua
989 827 1154 899 barbaris,
1175 828 1238 887 sed
1249 834 1350 887 menie

144 933 341 1014 sapientibus
370 939 402 994 el
418 934 584 1008 fidelibus,
607 951 739 1011 quorum
767 933 859 991 etiam
883 932 1030 993 nonnulli
1055 931 1173 993 debiles
1194 938 1227 993 el
1251 935 1351 993 oculis
1439 960 1445 969 ·

147 1042 249 1119 capti,·
271 1038 417 1117 ulfacile
429 1044 556 1117 pateat,
579 1056 643 1097 non
657 1037 798 1097 bumana
814 1041 971 1116 sapientia
997 1038 1077 1099 baec
1097 1039 1191 1117 fleri,
1213 1038 1274 1098 sed
1293 1037 1353 1096 Dei
1406 1040 1450 1095 Ξ

145 1149 261 1204 uirtute
277 1143 338 1203 diei
360 1149 399 1217 ¹).
421 1139 557 1202 Eandem
576 1145 669 1220 igitur
687 1145 867 1202 sententiam
896 1162 953 1202 non
974 1152 1006 1202 ut
1035 1162 1120 1203 suam
1150 1145 1352 1221 singularem,
1397 1186 1452 1211 -

75 1269 78 1275 ’
152 1249 205 1311 scd
232 1250 363 1307 omnium
388 1264 460 1308 vere
487 1248 731 1308 Christianorum
757 1247 844 1307 iidem
864 1267 898 1307 as
919 1249 1105 1322 doctrinam,
1127 1267 1186 1309 non
1214 1248 1352 1308 haustam
1381 1268 1454 1305 m

146 1359 179 1415 in
198 1355 312 1414 scholis
329 1363 379 1413 aut
396 1374 434 1413 ex
451 1349 539 1412 libris
557 1353 820 1432 philosophorum,
840 1372 940 1412 coram
958 1357 1146 1430 Imperatore
1163 1362 1254 1432 atquc
1274 1355 1352 1413 Gen·
1366 1383 1456 1396 —·

147 1461 251 1525 tilibus
266 1468 449 1537 propugnat.
474 1493 512 1503 —
535 1462 569 1517 ln
599 1461 696 1517 altera
721 1478 795 1519 vero
812 1461 962 1536 Apologia
976 1461 1100 1537 insuper
1120 1460 1247 1530 asserit,
1266 1477 1456 1536 quae--

76 1636 77 1641 ¹
148 1583 262 1641 cunque
289 1563 325 1622 dc
349 1581 421 1622 vero
445 1563 496 1621 alii
517 1562 667 1634 viderint,
689 1564 810 1622 nonnisi
839 1563 1024 1623 subobscure
1045 1564 1175 1635 vidisse,
1197 1565 1242 1623 ita
1264 1570 1296 1621 ut
1317 1580 1457 1621 effi

148 1673 187 1731 iis
211 1670 349 1728 doctrina
369 1667 611 1727 Christianorum
640 1677 745 1743 aperta
773 1687 807 1727 ac
834 1669 963 1727 dilucida
981 1669 1102 1728 minime
1118 1671 1161 1728 sit
1178 1669 1402 1747 repetenda.-
1431 1709 1456 1728 -.

148 1773 206 1836 Mc
216 1775 386 1851 profiteor,
409 1774 519 1848 inquit,
542 1772 632 1832 laudi
647 1779 764 1832 ducere
772 1816 784 1852 ,
808 1793 846 1834 ac
862 1777 1060 1833 dimicatione
1083 1777 1167 1833 omni
1188 1779 1402 1835 contende-
1416 1787 1459 1812 ‘-

152 1898 206 1950 re,
228 1884 265 1938 at
280 1875 479 1938 Obsistianus
493 1879 658 1951 reperiar:
680 1897 745 1937 narn
764 1878 851 1957 quod
862 1878 969 1937 aliena
983 1879 1049 1936 siret
1070 1898 1091 1937 a
1114 1877 1243 1941 Clerisia
1260 1881 1458 1939 insti—-

150 1989 219 2044 tuta
236 1982 395 2052 Platonis,
418 1982 476 2041 sed
493 1981 580 2062 quod
590 2000 655 2041 non
674 1983 799 2041 omnino
813 1982 950 2052 similia,
972 1988 1076 2042 atnec
1094 1986 1188 2045 etiam
1212 1982 1362 2053 aliorum²
1389 1994 1459 2046 ⁸,

150 2086 328 2149 Stoicarum
350 2089 515 2163 videlicet,
539 2090 706 2163 poetaram
729 2092 759 2147 et
778 2087 1016 2148 historicarum.
1042 2086 1087 2149 Ut
1111 2089 1246 2168 quisque
1274 2092 1459 2149 enim-0¹

151 2193 374 2254 disseminatae
389 2195 524 2253 rationis
540 2192 667 2253 divinoe
686 2198 812 2270 partem
829 2197 971 2272 aliquam
992 2189 1057 2252 sibi
1075 2202 1245 2269 cognatam
1266 2192 1456 2252 eide-

150 2299 218 2371 bai,
241 2302 413 2376 praeclare
433 2298 555 2358 locutas
580 2303 638 2357 est.
673 2295 737 2371 Qui
759 2304 863 2358 autem
885 2317 992 2357 secum
1019 2300 1082 2375 ipsi
1099 2300 1134 2357 in
1154 2301 1253 2359 rebus
1270 2295 1404 2371 hap-
1428 2304 1459 2344 ’θ

148 2401 352 2481 pravissimis
365 2408 571 2481 pnpnarunt,
593 2405 616 2462 ii
636 2421 695 2462 nec
710 2405 878 2463 scientiam
897 2402 1131 2471 sublimiorem,
1163 2420 1223 2461 nec
1247 2405 1456 2477 coeni-‘-

151 2511 282 2580 tionem,
304 2526 387 2586 puae
401 2508 509 2585 refelli
522 2525 588 2568 nan
605 2512 723 2586 possit,
756 2511 921 2586 assepauti
950 2511 1106 2567 ridentur.
1142 2503 1456 2580 Quaecan‘·

153 2629 230 2691 que
260 2615 392 2689 ipitar
422 2619 534 2690 opud
569 2613 680 2672 alios
711 2631 848 2672 omnes
873 2613 1107 2689 praeclare
1142 2611 1282 2683 dicta,
1316 2615 1457 2671 θρα

152 2722 299 2777 nostra
327 2724 424 2778 sunt
456 2716 811 2779 Christianorum.
840 2715 963 2777 Natam
987 2722 1072 2777 enim
1095 2734 1144 2776 etc
1166 2721 1346 2792 ingenitae
1372 2703 1459 2757 ’Ξῖ

152 2841 217 2882 aaa
227 2822 404 2883 enarrabili
420 2822 489 2882 Deo
503 2822 638 2882 Verbum
656 2821 832 2881 secundum
846 2823 950 2882 Deam
964 2828 1139 2882 adoramus
1154 2825 1185 2880 ct
1199 2835 1342 2883 dammas
1419 2820 1455 2869 ³3

153 2927 281 3005 qnando
299 2926 425 3005 quidem
435 2932 566 3004 propter
579 2945 637 2986 nos
652 2927 744 2986 boma
754 2929 881 3000 factum
899 2933 949 2987 est
959 2970 972 3005 ,
994 2937 1030 2988 at
1041 2928 1287 3011 perpessionum
1301 2941 1422 2984 πον
1439 2937 1455 2951 ·

153 3037 295 3093 atrorum
318 3035 482 3110 particeps
502 3033 643 3109 factam,
674 3032 861 3092 medicinam
883 3031 948 3092 illis
966 3034 1103 3110 faceret.
1129 3033 1249 3092 Omnes
1280 3029 1456 3089 enin‘b

154 3141 326 3214 scriptores
339 3154 401 3212 per
414 3138 545 3196 insitum
560 3138 696 3195 rationis
705 3154 819 3195 semen
826 3144 959 3211 potuere
972 3137 1020 3195 ilii
1037 3135 1165 3215 quidem
1185 3151 1298 3195 versam
1313 3134 1417 3191 σι’-ν
1433 3119 1455 3159 ’·

159 3242 250 3314 dere,
273 3241 333 3301 sed
345 3241 546 3302 subobscure.
567 3239 667 3302 Aliud
675 3245 757 3302 enirn
775 3250 823 3302 est
839 3260 948 3301 seneen
962 3241 1099 3317 alicujus
1116 3245 1148 3300 et
1160 3241 1292 3300 imitatio
1304 3255 1406 3317 pr-
1423 3238 1457 3279 ‘⁰

156 3348 278 3409 viribon
318 3366 487 3417 concessa,
525 3347 615 3407 aliud
655 3350 759 3425 ipsum
803 3346 899 3418 illud,
932 3348 1029 3423 cajus
1065 3345 1304 3405 communicatio
1332 3328 1459 3400 afli

155 3456 285 3515 imitatio
322 3453 496 3513 secandum
522 3455 625 3531 ipsias
659 3458 796 3526 aratiam
820 3454 1003 3513 conceditur
1024 3456 1065 3524 ²).
1090 3484 1129 3496 -
1150 3451 1237 3510 Haec
1258 3449 1295 3508 de
1309 3447 1456 3505 bess·

155 3563 252 3630 stino,
276 3578 363 3636 quem
382 3578 506 3629 omncs,
538 3560 706 3636 quicunque
729 3560 943 3637 piatonismum
967 3559 1085 3616 illatum
1119 3541 1262 3625 clamant,
1284 3554 1362 3612 inter
1393 3552 1457 3593 εἰ·

157 3667 274 3742 primos
292 3674 421 3742 ponunt,
444 3664 538 3742 quiid
556 3665 622 3723 ausi
637 3664 759 3723 fuerint.
782 3666 894 3723 Facilis
912 3681 987 3746 crgo
1008 3672 1055 3722 est
1068 3662 1244 3736 conjectura
1260 3661 1295 3720 dc
1313 3660 1455 3715 reeff·

159 3771 270 3848 liquis,
293 3789 368 3847 quos
386 3779 448 3829 tam
471 3771 560 3846 gravi
586 3771 780 3829 accusatione
803 3772 855 3828 vix
876 3777 1012 3828 onerant.
1040 3804 1076 3815 -
1100 3766 1177 3842 Quid
1200 3747 1453 3827 Tertutll·

160 3875 301 3934 liaous
324 3876 360 3935 dc
385 3875 548 3935 sententiis
571 3873 840 3950 philosophorum,
862 3877 912 3934 ubi
941 3876 977 3934 dc
998 3875 1109 3935 divinis
1129 3874 1224 3933 rebus
1240 3874 1336 3952 agitur
1436 3895 1448 3930 r

158 3982 309 4053 senserit,
331 3977 408 4040 satis
424 3980 553 4057 produnt
568 3982 680 4040 verba:
707 3977 793 4053 Quid
808 4000 882 4057 erpo
899 3978 1032 4041 Atbsnis
1055 3985 1087 4039 et
1110 3979 1348 4057 Hierosolymis
1427 3954 1444 4012 ·⁹

159 4085 238 4167 quid
250 4085 440 4146 Academiae
456 4091 488 4145 et
501 4080 699 4146 Ecclesiae?
720 4085 799 4165 qaid
811 4086 983 4146 haereticis
998 4090 1031 4146 et
1055 4079 1280 4146 Cbristiarn'sl
1299 4077 1432 4141 rto-‘-

158 4197 229 4251 stra
240 4188 395 4251 institutio
413 4191 452 4251 de
465 4196 588 4268 porticu
602 4188 784 4252 Salomonis
802 4197 870 4267 est,
893 4195 949 4272 qui
965 4195 1079 4269 etipse
1093 4190 1281 4261 tradiderat,
1300 4184 1342 4245 bo
1387 4195 1416 4212 ³

158 4301 278 4357 minum
291 4296 326 4354 in
342 4295 540 4373 simplicitate
553 4297 658 4356 cardis
672 4315 745 4356 esse
761 4297 990 4376 quaerendum.
1020 4295 1166 4356 Viderint
1169 4338 1182 4374 ,
1206 4296 1262 4377 psai
1281 4291 1388 4354 Stoa>

159 4419 230 4462 cum
246 4405 278 4461 et
292 4399 488 4461 Platonicum
504 4408 535 4461 et
550 4401 759 4462 Dialecticum
776 4402 1055 4463 Christianismum
1067 4406 1277 4477 protulerant.
1296 4393 1373 4459 Na*

196 4593 220 4656 ¹)
239 4597 316 4654 apat,
335 4611 362 4646 a.
381 4597 430 4644 db,
447 4589 489 4643 lb.
507 4606 532 4656 p.
549 4593 581 4644 st
602 4607 627 4645 s·

197 4680 222 4750 ²)
240 4688 317 4742 Apol.
337 4687 365 4736 2.
384 4700 409 4735 n.
429 4687 476 4736 ts.
495 4695 522 4746 p.
541 4684 597 4734 lot.
620 4680 660 4733 ci.
680 4682 805 4733 donica-t.
823 4685 860 4731 od
878 4683 978 4732 Graec.
996 4691 1024 4745 p.
1040 4678 1058 4728 6
1074 4691 1115 4730 ss.
