2926 5168
118 510 233 571 ynam,
256 488 427 550 Divinitate
441 486 546 550 Deum
564 507 651 561 esee,
675 498 708 551 et
725 489 996 568 auatsffuemodt:
1019 491 1201 573 eredimus,
1223 511 1324 555 non·

121 598 207 658 ntes·
235 614 281 656 ea
309 595 545 675 sapientia,
574 611 680 675 quae
709 600 772 656 eet
803 597 890 673 ipse
917 595 1054 676 Dens,
1082 599 1324 675 eapientem

123 721 235 769 eam
256 701 420 761 nonnisi
448 718 495 759 ea
514 700 832 778 moestitudine,
861 721 965 782 quae
993 704 1169 781 estipee
1197 702 1324 782 Deua)

122 824 315 882 maenum
339 823 454 883 οπεος
474 807 649 865 nonnisi
669 824 713 866 ea
734 808 996 877 aeternitate,
1018 825 1123 888 quae
1144 811 1217 868 eet
1234 809 1326 889 ipse

123 912 256 983 Deua,
290 915 515 970 aeternum
545 928 661 989 eeee;
689 913 872 972 nonnisi
908 931 956 973 ea
983 914 1149 973 unitate
1179 929 1324 984 unum,

122 1034 227 1094 quae
248 1024 318 1076 eet
336 1013 446 1100 ὄρυες
469 1015 505 1074 id
524 1022 591 1094 eet,
613 1033 650 1074 ee
664 1016 735 1092 ipso
750 1017 942 1092 cupienten,
963 1035 1124 1096 mamm,
1148 1021 1324 1088 aeterum,

121 1138 219 1182 unum
238 1119 349 1180 Deum.
373 1123 450 1182 Cum
469 1119 508 1179 de
528 1121 630 1180 tribue
648 1121 797 1196 personis
813 1121 989 1201 loquimur,
1024 1120 1125 1184 Patre
1153 1127 1185 1182 et
1196 1119 1286 1183 etto
1295 1126 1326 1180 et

121 1228 242 1303 Spiritu
263 1229 309 1303 8.,
330 1227 452 1303 ipeae
473 1240 594 1286 enum
615 1229 757 1303 Deum,
779 1244 892 1286 unam
912 1225 1105 1287 Divinam
1125 1227 1325 1290 substan·

123 1334 217 1392 tiam
238 1349 352 1402 esee,
372 1330 527 1404 fatemur.
547 1328 625 1390 ΕΜ
643 1348 794 1392 converto
814 1350 886 1391 eum
907 1330 945 1390 de
975 1349 1039 1393 nno
1069 1338 1155 1407 Deo,
1182 1351 1251 1393 una
1281 1335 1325 1393 di·

123 1438 198 1496 vina
218 1434 396 1496 substantia
418 1435 589 1524 loquimur:
610 1439 714 1514 ipsum
727 1453 825 1496 unum
838 1435 956 1515 neum,
977 1453 1075 1497 unam
1090 1436 1229 1501 dientem
1247 1437 1326 1498 sut-

124 1543 273 1603 atantiam
289 1559 362 1602 eeae
376 1546 441 1601 tree
451 1559 610 1618 pereonae
627 1543 812 1620 eonfitemur
827 1538 864 1618 ¹).

205 1641 358 1721 Quamvis
385 1640 601 1717 animosus,
631 1652 780 1726 tanquam
808 1663 867 1706 ens
895 1642 1094 1719 ahsolutum,
1120 1641 1322 1728 simplicissi·

123 1768 212 1822 mus,
235 1757 330 1831 atque
343 1764 446 1831 neque
463 1765 506 1809 ex
525 1744 684 1830 partibus,
707 1764 810 1829 neque
828 1765 871 1809 ex
887 1747 1106 1812 accidentibus
1127 1769 1187 1813 seu
1208 1749 1324 1812 adven·

126 1850 204 1915 titiis
221 1849 442 1936 qualitatibus,
464 1850 516 1913 vel
531 1848 752 1915 affectionibus
770 1849 843 1915 ullis
872 1851 1071 1937 compositus
1093 1852 1153 1936 sit;
1175 1851 1324 1938 quoniam

128 1968 236 2021 tamen
251 1977 314 2020 non
329 1967 381 2020 est
395 1975 452 2018 res
475 1954 596 2031 inanis,
625 1957 685 2020 sed
711 1977 773 2042 qna
794 1955 925 2040 spiritus
940 1977 1042 2042 aeque
1063 1956 1322 2043 perfectissimus

124 2082 163 2126 ae
182 2061 390 2128 necessarius
419 2060 524 2144 potius
546 2063 735 2146 complexus
761 2073 857 2148 atque
887 2061 1050 2148 plenitudo
1089 2062 1195 2127 omnis
1223 2061 1325 2147 perse

126 2166 259 2245 etionis,
281 2177 315 2230 et
326 2177 513 2251 propterea,
526 2163 603 2231 licet
614 2167 656 2230 sit
672 2164 829 2242 infinitus,
852 2178 942 2232 certe
951 2188 1015 2231 non
1031 2179 1083 2232 est
1097 2167 1191 2232 simui
1216 2164 1324 2231 indefi-

126 2271 227 2335 nitus:
250 2290 420 2356 possumus
441 2270 474 2334 in
491 2290 530 2334 eo
559 2282 762 2356 comparate,
792 2271 844 2336 vel
864 2271 970 2355 potius
991 2270 1139 2356 opposite
1160 2292 1199 2338 ae
1224 2271 1324 2336 relate

127 2376 167 2440 ad
185 2375 270 2440 entia
285 2375 391 2449 finita,
412 2376 585 2461 praecipue
602 2388 741 2441 mentem
762 2387 1046 2462 nostram,.quae‚
1068 2377 1214 2462 quamvis
1237 2376 1282 2442 sit
1305 2396 1321 2438 a

127 2480 218 2557 Deo,
240 2502 304 2544 non
323 2480 444 2568 gradu,
469 2482 527 2545 sed
550 2482 691 2547 essentia
704 2481 849 2556 diversa,
871 2493 977 2545 tamen
992 2482 1060 2566 ejus
1079 2481 1255 2570 imaginem
1279 2499 1323 2544 re·

126 2585 205 2660 fert,
237 2586 388 2650 diversos
418 2606 456 2650 se
488 2587 626 2651 habendi
646 2598 689 2670 etl
711 2586 826 2673 agendi
859 2585 974 2651 modos
997 2586 1202 2662 discernere,
1231 2597 1323 2671 atque

127 2689 230 2773 ipsum
249 2690 345 2754 modo
368 2690 446 2765 hoc,
468 2691 564 2755 modo
581 2690 637 2754 iilo
662 2701 813 2776 respectu
832 2690 1057 2767 considerare,
1080 2691 1192 2776 sieque
1219 2688 1325 2755 variae

126 2791 235 2865 ἔννοιας
251 2795 290 2857 de
308 2814 345 2857 eo
375 2803 482 2858 mente
506 2793 646 2858 {armare
675 2807 708 2859 et
733 2796 841 2860 verbis
859 2795 1059 2880 exprimere3
1089 2807 1186 2881 prout
1207 2806 1243 2859 et
1264 2793 1321 2858 alia

126 2899 303 2973 innumera,
325 2919 362 2962 re
372 2920 466 2962 unum
480 2899 627 2984 idemque
639 2899 828 2975 existentia,
851 2901 981 2964 diverso
1003 2912 1156 2986 respectu
1174 2899 1319 2965 conside·

127 3002 229 3067 nando
238 3003 367 3067 diversa
377 3005 610 3088 quodammodo
621 3003 773 3090 facimus3
792 3005 938 3090 quodque
947 3004 1164 3089 quoadDeum
1174 3026 1214 3071 eo
1222 3004 1324 3093 magis

128 3118 178 3170 est
193 3108 424 3182 necessarium,
433 3129 529 3193 quum
547 3108 728 3174 intellectus
739 3120 852 3174 noster
859 3109 902 3174 sit
910 3110 1096 3198 angustior,
1110 3130 1206 3197 quam
1215 3121 1254 3175 ut
1263 3131 1320 3174 uns

132 3224 265 3296 aspectu
281 3223 426 3276 naturam
443 3212 508 3276 Dei
517 3212 677 3301 integram
692 3213 809 3278 intueri
819 3214 929 3298 possit
950 3215 1033 3281 Hinc
1049 3215 1156 3280 divina
1173 3216 1323 3283 attributa

129 3328 203 3380 sunt
220 3317 346 3381 nonnisi
364 3317 435 3403 ipsa
452 3317 561 3382 divina
579 3318 758 3383 substantia
779 3318 910 3382 diverso
933 3320 992 3382 sub
1012 3331 1165 3402 respectu
1180 3321 1323 3387 consite

125 3433 212 3494 rata;
234 3433 329 3507 atque
370 3421 446 3487 licet
471 3419 548 3485 κατὰ
568 3429 689 3506 πρᾶγμα
710 3425 749 3487 ab
779 3425 840 3489 hac
867 3422 996 3488 minime
1026 3422 1197 3508 differant,
1220 3436 1322 3491 tamen

126 3551 203 3590 κατα
223 3527 369 3604 ἐπίνοιαν,
392 3539 426 3592 et
444 3549 517 3593 cum
534 3549 573 3593 ea
590 3540 624 3593 et
635 3544 750 3593 ¹seeum
765 3528 921 3603 invicem,
944 3529 1072 3593 minime
1098 3540 1174 3594 sunt
1195 3529 1323 3595 confun-

130 3633 233 3699 denda
256 3634 302 3721 ²)·.
315 3632 364 3698 Re
380 3632 450 3718 ipsa
468 3644 585 3709 autem,
602 3655 662 3698 seu
677 3629 753 3696 κατὰ
761 3640 883 3718 πρᾶγμα
891 3633 1043 3698 attributa
1061 3655 1081 3698 a
1095 3633 1203 3698 divina
1219 3654 1324 3701 essen·

127 3737 171 3800 tia
186 3747 220 3800 et
235 3757 272 3800 se
291 3736 432 3807 invicem
448 3737 611 3820 discerni,
634 3757 693 3803 seu
706 3736 803 3801 dividi
828 3738 911 3802 haud
934 3752 1090 3825 possunt3
1118 3739 1271 3823 quoniam
1290 3739 1323 3803 de

129 3842 220 3916 Deo,
243 3853 404 3926 tamquam
427 3854 499 3906 ente
520 3842 723 3917 necessario,
752 3841 830 3907 nihii
847 3844 1026 3927 praedicari
1046 3855 1169 3930 potest,
1192 3843 1323 3930 quodin

131 3947 202 4031 ipso
217 3946 365 4010 absoluta
384 3946 581 4012 necessitate
598 3945 780 4022 nonadsit,
803 3957 836 4014 et
854 3948 927 4014 hinc
949 3949 1021 4035 ipse
1044 3948 1190 4025 nonsit,
1213 3969 1275 4015 sen
1288 3946 1322 4012 ad

24 4042 30 4057 “
130 4051 230 4137 ipsius
246 4051 422 4116 essentiam
433 4074 497 4118 non
513 4053 674 4138 pertineat
691 4053 731 4138 ³).

163 4268 186 4327 ¹)
205 4271 267 4318 itte.
287 4271 377 4330 sumt.
395 4277 466 4321 cont.
485 4285 537 4322 err.
557 4272 669 4321 Giltert.
687 4269 766 4319 Man
777 4267 825 4330 si,
845 4269 1014 4319 0011.00ac.
1032 4264 1063 4316 Τ.
1079 4265 1122 4317 et.
1141 4280 1168 4321 e.
1186 4266 1238 4320 ⁷12
1255 4281 1281 4326 s.

162 4349 187 4421 ²)
206 4354 248 4409 cf.
266 4356 389 4410 Basil.
407 4363 473 4409 Ado.
492 4361 606 4410 Euam.
636 4361 654 4409 t.
681 4361 710 4410 2.
727 4374 753 4409 n.
772 4361 821 4409 32.
839 4355 910 4422 Ops.
927 4357 961 4409 Τ.
981 4358 1004 4406 1.
1026 4370 1052 4421 p.
1069 4357 1128 4407 268.
1144 4357 1283 4414 cha,
1299 4360 1321 4410 t.

130 4458 156 4511 p.
164 4445 214 4495 att
230 4459 255 4498 s.
274 4472 307 4483 -
325 4445 481 4511 Gregor.
498 4447 603 4509 Nyss.
623 4447 698 4498 Ceut.
714 4449 830 4499 Eunoen.
846 4451 867 4500 t.
888 4449 938 4499 12.
957 4444 1028 4511 opp.
1048 4447 1080 4498 Τ.
1095 4447 1121 4498 2.
1137 4460 1166 4511 p.
1184 4448 1248 4501 301.
1264 4448 1296 4503 lt.

163 4529 187 4600 ³)
206 4533 248 4586 01.
266 4536 397 4601 Augus
409 4533 473 4589 tin.
490 4539 532 4587 De
550 4538 644 4588 t'rs'ntt.
662 4538 681 4587 t.
702 4540 728 4588 6.
745 4551 773 4589 e.
793 4540 819 4586 t.
843 4551 870 4588 n.
888 4537 919 4587 8.
930 4532 999 4601 Opp.
1018 4533 1049 4586 Τ.
1063 4536 1090 4586 8.
1109 4547 1133 4588 e.
1154 4537 1218 4592 8t8.
1239 4552 1265 4592 c.
1282 4542 1323 4590 10.

131 4640 157 4675 n.
176 4628 225 4677 11.
243 4636 268 4677 e.
286 4624 347 4676 850.
366 4628 386 4676 t.
407 4629 433 4674 7.
452 4640 477 4674 e.
496 4629 524 4675 1.
542 4641 570 4679 n.
589 4630 615 4676 1.
635 4638 659 4678 e.
677 4625 727 4677 852
740 4639 764 4675 s·
780 4626 887 4675 Auctor
905 4627 937 4676 Ι..
955 4627 989 4675 de
1007 4625 1144 4700 inensam.
1164 4631 1185 4679 t.
1204 4631 1233 4679 2.
1262 4627 1324 4696 Opp.

132 4713 332 4780 augustin.
350 4712 382 4767 Τ.
401 4716 425 4766 8.
442 4714 568 4778 Append.
588 4729 615 4771 e.
632 4718 675 4767 59.
692 4717 728 4770 D.
