2926 5168
1263 193 1327 273 391

204 349 370 413 observ.
402 353 430 421 i.
463 352 561 412 Deum
588 370 646 412 non
671 352 772 412 omnia
802 349 933 420 iecisse,
963 368 1038 428 quae
1063 351 1220 430 possibilie
1245 361 1326 422 sont,

118 468 212 545 prout
230 457 426 519 Pantheittae
443 458 635 528 contendunt,
658 477 782 536 quorum
802 458 913 536 dogma
933 455 1154 517 fundamentale
1174 467 1231 529 est,
1254 454 1328 519 nihil

120 583 191 624 ease
210 558 371 641 possibile,
383 565 442 625 nisi
452 565 529 643 quod
540 573 609 625 ectu
618 566 742 636 existat,
754 583 771 623 a
782 564 870 623 nobis
883 563 1047 642 jamtupra
1064 573 1219 624 ostensum
1238 573 1286 625 est
1303 561 1329 644 ¹)

118 673 320 751 Argumentis
336 673 447 733 ibidem
465 692 519 752 pro
537 674 688 735 sententia
703 674 859 734 catholica
875 674 978 733 allatis
997 670 1208 749 adjicipoteat,
1232 670 1329 730 cidem

119 781 219 858 ipsam
239 780 443 840 conciliorum
466 798 582 859 quoque
608 781 770 859 suffragari
796 782 1019 840 auctoritatem.
1058 779 1134 838 Nam
1173 779 1203 837 in
1237 777 1330 839 Oeno.

119 886 349 946 Senoneuai
367 906 393 946 a.
422 883 513 951 11110.
534 887 798 947 abaelardus
825 904 961 947 errorem
985 886 1153 963 oppositum
1188 884 1236 942 iris
1263 901 1331 943 con·

117 1000 188 1061 ctus
208 1000 258 1051 eat
281 991 402 1066 ejurare
426 993 548 1053 verbis:
582 992 686 1053 Deam
711 996 783 1071 ipro
806 1011 846 1053 eo
868 992 972 1054 solum
986 993 1102 1066 facere
1119 995 1227 1063 eredo,
1250 1003 1342 1070 φησι

119 1097 408 1174 imeneorum,
431 1096 708 1178 etquodntultn
734 1099 1044 1175 sacerepoaae,
1077 1115 1200 1178 quae
1234 1113 1333 1156 nua-
1429 1092 1431 1097 ’

121 1203 374 1281 quemfecit
395 1195 443 1287 ²).
473 1206 513 1262 Et
542 1205 634 1264 conc.
662 1204 979 1266 Constantianae
1003 1223 1029 1264 a.
1060 1201 1151 1268 titt.
1180 1202 1333 1261 damnavit

120 1305 214 1368 hasce
235 1305 374 1370 Wioieiii
391 1311 632 1387 propositiones:
655 1313 768 1373 Ouinio
790 1318 829 1373 de
850 1312 1038 1374 necessitate
1052 1311 1200 1372 adnotata
1222 1305 1332 1368 eert-

121 1418 188 1475 ttnt.
207 1415 321 1491 Atque:
345 1420 431 1475 Deua
446 1414 639 1494 nidtlpoteat
655 1417 848 1490 annihilare,
870 1437 930 1480 nee
944 1422 1097 1479 mundam
1110 1416 1271 1493 majorata
1286 1411 1338 1472 oel

123 1518 286 1579 minorare
306 1523 346 1593 ⁸).

207 1626 318 1684 Errori
335 1627 380 1685 ilii
403 1628 541 1704 proxima
562 1636 609 1687 est
631 1630 730 1706 opinio
757 1648 880 1702 eorum,
905 1632 955 1707 qui
975 1637 1127 1701 statuunt,
1159 1629 1257 1687 Deum
1276 1642 1334 1684 non

125 1729 186 1789 alia
215 1729 317 1792 iacere
342 1750 448 1809 posse,
478 1751 564 1811 quam
590 1734 682 1804 iacit,
710 1753 768 1793 non
794 1735 914 1812 quidem
940 1735 1016 1813 quod
1043 1742 1115 1813 egat
1148 1733 1335 1793 necessitato

124 1844 253 1895 naturae
281 1846 420 1911 coactus,
452 1841 504 1899 sed
529 1839 605 1917 quod
631 1851 702 1919 agat
734 1843 919 1901 necessitate
948 1842 1117 1919 sapientiae
1142 1847 1172 1900 et
1196 1839 1335 1914 justitiae

125 1959 213 2013 auae,
238 1962 313 2020 quae
331 1962 390 2005 non
406 1947 540 2023 patitur,
568 1949 685 2006 resve}
707 1949 783 2007 alias
800 1950 849 2006 vei
869 1948 927 2007 aiio
946 1947 1054 2008 ordine
1072 1946 1155 2018 fieri,
1178 1962 1266 2023 quam
1289 1962 1336 2001 re·

123 2064 198 2106 vera
215 2048 313 2107 iactas
327 2050 471 2116 videmus.
493 2049 575 2125 Quae
594 2056 660 2131 pari
677 2053 796 2113 modoa
812 2054 1021 2113 ueneratione
1038 2052 1125 2127 rejici
1143 2051 1239 2111 debet.
1260 2050 1335 2109 Nam

123 2151 200 2212 haec
222 2154 341 2231 quidem
360 2156 524 2243 inteiligit,
546 2160 662 2231 Deum,
691 2161 717 2217 si
735 2161 816 2238 agit,
839 2160 1014 2218 necessario
1038 2160 1191 2237 sapienter
1210 2165 1240 2216 ct
1254 2155 1337 2232 juste

124 2276 236 2337 agam
257 2269 390 2322 attamen
411 2252 500 2322 siinui
524 2267 681 2343 perspicit,
699 2285 753 2342 per
774 2273 890 2325 certum
910 2267 1058 2344 aliquem,
1082 2283 1170 2342 quem
1188 2265 1272 2323 Deus
1290 2282 1336 2322 se·

125 2367 239 2443 quitur,
261 2369 370 2446 agendi
390 2372 508 2430 modum
535 2390 569 2431 ac
590 2371 726 2430 ordinem
752 2390 810 2430 non
832 2389 937 2431 omnes
952 2370 1061 2450 agendi
1077 2370 1183 2430 modos
1202 2387 1237 2428 ao
1259 2369 1337 2427 ordi·

124 2470 181 2532 nea
201 2474 354 2550 sapientes
374 2494 409 2534 ac
427 2476 531 2550 justos
560 2479 734 2546 exhauriri,
762 2486 851 2554 atquc
877 2479 930 2536 ilio
955 2478 1085 2537 divinam
1102 2477 1281 2554 sapientiam
1302 2495 1338 2537 ac

120 2577 271 2652 justitiam
287 2588 348 2639 tam
365 2599 470 2658 parum
485 2583 576 2656 finiri,
600 2603 687 2662 quam
704 2583 794 2643 rebus
810 2602 920 2643 revera
939 2585 1139 2645 existentibus
1155 2584 1339 2660 omnipoten-

125 2684 216 2761 tiam3
239 2702 328 2762 quum
345 2687 463 2746 infinita
481 2688 545 2749 dari
565 2693 694 2770 possint,
716 2691 837 2769 quaesi
860 2691 945 2749 Deus
970 2710 1063 2768 agere
1082 2692 1185 2763 vellet,
1203 2690 1286 2765 juste
1310 2696 1339 2746 et

127 2791 283 2867 sapienter
306 2803 413 2871 ageret
435 2791 476 2876 ⁴),

462 3024 486 3107 ξ.
510 3024 544 3092 7.
566 3024 730 3095 Modus
751 3020 1011 3094 creationis.

110 3212 117 3221 ·
211 3193 263 3257 Ad
281 3194 460 3260 doctrinam
469 3208 560 3263 certo
577 3199 754 3264 revelatam
770 3200 937 3262 dumtaxat
952 3195 1101 3283 pertinet,
1123 3194 1207 3279 quod
1226 3193 1340 3257 hucus-

128 3318 189 3384 que
207 3300 430 3385 exposuimus,
452 3302 605 3369 videlicet
614 3306 762 3370 mundum
781 3304 889 3369 aDeo
905 3322 969 3366 uno
987 3323 1030 3366 cx
1048 3299 1156 3374 nihilo,
1174 3297 1339 3362 liberrimo

127 3403 264 3469 considio
284 3406 458 3472 secuudum
475 3408 746 3494 sapientissimam
772 3430 863 3474 suam
878 3407 1109 3496 cognitionem,
1135 3405 1168 3469 in
1193 3424 1339 3469 seucum

127 3520 276 3597 tempore
299 3532 375 3578 esse
400 3515 613 3602 productum3
643 3536 723 3602 quae
747 3527 855 3581 eutem
880 3512 1035 3579 ulteriora
1055 3522 1144 3587 sunt,
1175 3509 1333 3598 quomodo

129 3614 257 3682 scilicet
276 3616 358 3684 haec
377 3618 500 3685 creatio
519 3618 604 3686 iacta
621 3621 674 3698 sit,
697 3643 771 3687 unm
790 3640 906 3707 nempe
926 3640 989 3684 runo
1016 3617 1174 3704 temporis
1195 3613 1336 3689 instanti,

126 3839 377 3860 Q

128 3956 228 4014 lavor·
244 3958 288 4014 M.
307 3973 333 4008 a.
352 3959 380 4009 2.
398 3971 425 4023 p.
445 3959 501 4010 100.
520 3957 553 4011 Ε.
584 3983 615 3995 -
640 3957 826 4026 epiphan.
850 3964 976 4013 decorat.
1003 3978 1030 4014 a.
1058 3960 1105 4012 28.
1125 3958 1194 4026 opp.
1213 3958 1246 4011 Τ.
1264 3961 1291 4011 2.
1309 3972 1337 4024 ρ.

129 4045 173 4096 33.
190 4044 478 4121 -ἾΉιοοᾱοτει
497 4052 528 4102 In
554 4051 613 4102 Cot.
634 4060 661 4112 1,
682 4055 732 4105 13.
753 4056 801 4104 16.
821 4048 890 4119 opp.
909 4052 943 4104 Τ.
962 4054 986 4104 3.
1006 4064 1031 4116 p.
1049 4051 1110 4105 eut.
1128 4049 1194 4100 lite.

163 4136 189 4197 ¹)
208 4128 241 4188 Ρ.
261 4135 287 4188 1.
305 4133 328 4200 5.
346 4138 389 4192 20.
406 4152 435 4204 p.
456 4141 504 4190 180
521 4153 561 4194 sa.

163 4215 189 4282 ²)
209 4223 252 4277 ci.
270 4222 362 4303 Boii,
381 4229 455 4280 Sam.
474 4228 541 4281 Gon.
559 4228 663 4282 Patav.
684 4230 757 4282 1723.
775 4228 808 4281 T.
825 4228 852 4281 2.
871 4244 899 4296 p,
917 4230 978 4282 500.
998 4242 1021 4279 c.
1038 4228 1066 4281 2.

134 4360 137 4375 ,
162 4302 344 4387 notant,
364 4318 432 4368 corr.
452 4319 534 4371 conc.
552 4316 585 4371 u.
602 4320 644 4371 ar.
671 4332 696 4370 e.
723 4320 782 4371 aar.
800 4317 834 4371 u.
860 4319 904 4370 aa.
931 4333 957 4371 c.
978 4319 1036 4370 121.
1055 4316 1097 4370 ct.
1124 4316 1291 4368 umcros.
1308 4317 1340 4366 n

127 4403 176 4457 Pr.
197 4407 267 4457 118.
284 4423 312 4460 n.
330 4410 381 4461 37.
401 4407 471 4475 opp.
489 4408 522 4461 Τ.
542 4412 566 4462 1.
585 4421 610 4461 o.
630 4409 695 4461 1²³1
712 4423 738 4463 a.
756 4413 788 4463 ln
805 4411 876 4462 lactc.
894 4414 912 4462 t.
931 4412 958 4461 2.
977 4425 1003 4461 a.
1023 4411 1073 4460 75.
1092 4405 1132 4458 lb.
1151 4421 1175 4460 c.
1203 4407 1278 4458 1305.
1308 4431 1339 4442 -

127 4491 340 4565 Hieronym.
358 4498 452 4550 Mottlt.
472 4515 497 4551 c.
516 4502 545 4551 3.
564 4497 634 4564 Opp.
653 4498 686 4549 Τ.
704 4501 729 4550 7.
748 4513 774 4552 ο.
795 4501 835 4551 18.

161 4579 189 4645 ⁴)
209 4583 251 4636 cf.
269 4585 388 4644 Titum.
410 4594 437 4642 1.
456 4606 483 4653 p,
501 4593 550 4641 26.
568 4596 618 4638 nrt,
639 4592 666 4640 0.
685 4586 755 4654 0pp.
774 4587 809 4640 V.
829 4590 872 4640 20.
892 4602 917 4654 p.
939 4590 987 4640 102
1006 4602 1030 4639 a.

1098 4677 1140 4742 at
