2926 5168
86 104 232 172 neusin
252 106 416 192 sejustus
438 117 504 182 est,
527 119 560 173 et
582 124 664 193 quae
694 105 772 172 nllril
789 105 886 170 aliod
914 117 986 182 est,
1014 106 1077 172 nisi
1102 105 1283 192 complexio

87 210 227 276 omniun
248 209 422 287 virtutum,
445 223 539 299 atquc
560 211 772 279 sanctitate
793 211 878 276 haud
899 210 1126 298 distinguitun
1146 212 1206 276 sed
1235 233 1290 275 su·-

86 315 197 381 mitum
206 336 306 381 sensu
318 316 482 383 strictiori
496 326 574 403 ipro
605 306 1116 403 peno-josume:·universslis‚
1145 336 1205 381 seu
1226 335 1285 401 pro

81 420 261 507 justitia
282 421 487 498 relativa,
518 441 579 507 quo
607 422 698 485 Deus
734 421 901 485 inordina
923 421 964 485 ad
986 420 1068 485 alios
1085 421 1197 503 justus
1215 431 1286 492 est,

86 546 212 612 quaque
232 527 355 591 naturis
377 527 502 592 rationo
524 527 679 613 praeditis
701 537 823 591 sortem
845 525 1038 612 condignam
1059 524 1212 590 attribuit
1279 573 1282 577 .

168 629 254 696 Hinc
270 631 451 716 justitia
473 630 620 695 divina
641 629 717 693 illa
738 641 807 695 est
827 629 1043 714 perfectio
1072 630 1285 705 absoluta,

86 735 309 820 qua-Deus
338 734 468 800 bonis
496 746 661 799 sortem
692 735 940 810 bonam‚.et
968 735 1091 800 malis
1121 745 1287 799 sortem
1402 748 1404 753 ⁴

84 840 251 913 mal-am,
285 851 325 904 et
363 840 528 926 quidem
562 850 783 926 utramque
820 838 1087 926 aequissima
1115 839 1288 903 ratione

84 943 338 1020 distribuit,
360 965 439 1018 seu,
461 945 608 1031 quoniam
630 962 765 1009 amoena
786 965 878 1021 sors,
899 964 982 1030 quiae
1003 962 1076 1008 cum
1108 945 1208 1028 probe
1239 943 1289 1007 fa·

82 1049 147 1114 ctis
164 1049 327 1137 jungitur,
344 1050 532 1135 praemium,
554 1051 705 1115 damnum
725 1070 817 1124 vero,
836 1051 920 1135 quod
936 1048 1115 1114 maleiactis
1135 1047 1285 1122 nectitur,

82 1153 345 1239 poena-dicitur,
366 1175 447 1239 qua
467 1155 621 1240 cuique
643 1155 876 1240 praemium
899 1167 971 1220 aut
992 1155 1168 1220 debitam
1190 1171 1283 1238 poe‘·

82 1278 272 1342 nampro
294 1260 386 1343 ejus
406 1259 560 1324 merito
581 1259 809 1344 rependit.-

170 1364 430 1430 luennacivina
459 1385 561 1453 ergo,
591 1366 632 1429 eh
661 1366 746 1430 omni
769 1364 910 1450 'partium
937 1364 1043 1428 studio
1072 1363 1286 1440 alienissima,

68 1455 149 1532 iton
164 1520 167 1527 .
181 1470 222 1533 ad
235 1500 238 1504 ·
253 1468 397 1553 speeiem
429 1479 597 1534 externam
620 1469 761 1554 judicat,
784 1471 842 1533 sed
880 1481 981 1534 totum
1012 1468 1095 1534 entis
1116 1468 1282 1534 rationalis
1353 1480 1357 1485 ’

75 1572 223 1658 pretium
244 1575 459 1639 ednormam
490 1576 642 1656 ἰσονομίας
672 1595 731 1638 scu
759 1573 1001 1660 aequilibritatis
1027 1574 1286 1659 perfectissimae

78 1679 329 1744 adcommodato
350 1681 527 1764 ponderat,
551 1691 584 1744 et
604 1691 729 1744 sortem
751 1679 795 1743 illi
817 1690 1072 1767 congruentem,
1093 1679 1167 1745 sive
1195 1699 1287 1764 prue-

79 1785 184 1848 mium
205 1783 276 1848 sive
298 1804 445 1866 poenum,
467 1784 623 1871 assignat,

167 1888 303 1967 Qucum
328 1889 455 1973 justitia
482 1910 542 1974 pro
568 1890 651 1954 hene
683 1889 779 1954 iactis
805 1890 950 1973 praemia
978 1888 1138 1964 decernit,
1160 1909 1286 1953 remn-

71 2016 96 2059 n
108 1992 323 2069 erstoria,
346 1994 471 2078 quondo
492 2014 575 2058 vero
596 2014 721 2079 poenes
740 2016 800 2080 pro
813 1993 992 2059 sceleribus
1009 1994 1190 2059 commissis
1211 2014 1285 2059 con·

72 2099 162 2175 fert,
184 2099 378 2183 punitiva
399 2120 459 2163 scu
480 2099 632 2164 vindex
653 2111 708 2164 aut
728 2098 869 2164 ultrix
890 2100 1077 2183 adpellatur.

164 2208 323 2267 iustitiam
339 2210 370 2266 in
391 2211 475 2279 Dos,
498 2208 857 2277 saltemvimlicativam,
878 2208 1003 2267 inficiati
1025 2217 1095 2267 sunt
1111 2209 1189 2268 inter
1212 2211 1287 2268 anti·

70 2312 354 2394 quos-haereticos
375 2314 665 2381 Marcionitae,
688 2315 915 2390 tanquam·Doo
944 2313 1095 2389 iniquam,
1117 2330 1283 2390 quaecum

68 2421 146 2496 ejus
175 2418 295 2477 infinita
315 2419 461 2477 bonitate
478 2419 791 2495 conciliarinoqucat
821 2419 859 2495 ¹).
898 2420 980 2476 inter
1001 2418 1190 2476 recentiores
1212 2437 1285 2477 voro

68 2526 199 2600 paritor
223 2523 346 2582 saniem
370 2524 545 2600 impugnent
561 2524 776 2582 sociniani
799 2527 830 2595 ²)
859 2531 947 2601 atque
976 2522 1222 2580 Ariminiani
1245 2518 1285 2602 ³),

68 2631 261 2707 quibuscum
281 2629 567 2687 Naturalistae
588 2647 642 2686 seu
663 2629 839 2686 Deistae
864 2645 969 2686 omnes
997 2628 1129 2697 faciunt,
1161 2627 1234 2703 epti,v
1253 2635 1286 2684 nt

67 2735 194 2813 dogma
210 2733 260 2792 -de
291 2733 512 2792 satisfactione
535 2732 651 2792 Christi
683 2728 884 2803 convellant,·
905 2735 1031 2804 docent,
1069 2733 1193 2791 nullum·
1213 2749 1287 2790 esso
1361 2768 1363 2774 ·

69 2842 108 2900 in
132 2842 203 2898 Deo
226 2839 426 2916 attributum,
449 2856 506 2915 quo
535 2839 602 2915 ipse
631 2836 867 2897 satisfactionem
897 2839 1072 2898 necessario
1094 2855 1158 2914 pro
1173 2853 1285 2914 pecca·

68 2950 121 3007 tis
136 2944 275 3024 1cxigot3
298 2945 326 3002 si
348 2953 503 3020 peccatum
526 2945 630 3021 punit,
652 2943 730 3016 hoc,
753 2945 851 3019 ajunt,
884 2962 955 3002 esse
992 2943 1184 3001 liberrimum
1219 2938 1285 3022 ejus

67 3053 244 3118 effectam,
263 3066 281 3107 a
302 3065 359 3124 quo
381 3049 484 3124 possit·
494 3067 627 3127 quoque·
639 3049 804 3110 abstinere.

61 3275 178 3344 qnam
201 3251 380 3333 vindicem,

206 3357 245 3421 Α.
267 3358 386 3422 docent
403 3357 583 3424 clarissime
606 3358 668 3424 SS.
689 3359 892 3425 Litterae
913 3357 1091 3424 innumeris
1112 3354 1203 3421 locis.
1226 3353 1287 3421 Sic

48 3460 144 3539 jam
161 3460 366 3527 Abrahamus
386 3462 492 3527 Deum
519 3464 570 3528 his
591 3463 702 3529 verbis
724 3464 911 3549 alloquitur:
934 3465 1029 3529 Absit
1049 3486 1069 3525 a
1091 3470 1141 3542 te,
1162 3467 1199 3525 ot
1214 3482 1284 3531 rem

65 3568 172 3630 Isaac
190 3570 319 3647 facias,
341 3576 374 3628 et
393 3570 520 3630 occidas
539 3572 667 3647 justum
692 3591 763 3632 cum
789 3574 900 3648 impio,
928 3573 1048 3653 flatpcae
1065 3564 1288 3660 joc-stuojet'cul

56 3671 307 3754 irreptionem
324 3678 397 3734 cst
416 3672 497 3745 hoo
513 3679 644 3745 inune,
661 3680 730 3754 qui
744 3676 924 3754 judicat
937 3695 1094 3745 omnam
1113 3681 1285 3750 lernam,

55 3770 109 3851 (i.
132 3793 166 3837 e.
189 3772 242 3856 qui
255 3772 355 3856 judex
372 3793 409 3838 es
426 3773 951 3871 sonensmnusomtsorhisne).
962 3776 1122 3895 inlihco
1141 3778 1281 3845 tonsio

52 3961 311 3982 Nan—.—

114 4055 542 4121 manumittimus.
561 4063 825 4120 Mancinum.
845 4072 917 4120 n
921 4072 968 4123 n.
987 4070 1073 4139 opp.
1067 4068 1150 4125 V..2
1147 4072 1183 4140 p
1191 4068 1283 4128 iton.

115 4139 348 4210 ι)(1Ῑ.8ιιιίιι
369 4154 502 4203 Proelect.
522 4167 546 4203 c
567 4155 616 4203 te.
769 4194 772 4198 .
1117 4193 1121 4200 ·

122 4225 207 4295 ⁸)(2i.
222 4234 428 4289 Limborch.
454 4243 541 4293 instit.
561 4244 656 4294 Christ.
675 4246 695 4296 1.
714 4245 744 4296 Ξ.
761 4259 788 4298 e
807 4246 879 4299 tn

116 4323 143 4386 ⁴)
161 4322 231 4377 (len.
251 4327 292 4388 tt,
310 4327 361 4380 tt.
