2926 5168
102 424 136 465 se
163 403 364 483 patefaciendi
394 403 510 472 modis,
540 402 738 463 delendorunt
768 420 848 463 saec.
877 404 913 461 lt
945 404 1100 463 Nodtus
1131 411 1161 462 at
1182 402 1273 462 Pra-

102 528 182 581 εει,
214 515 405 582 statuentes,
438 511 535 569 Deum
572 517 719 586 quatenus
749 509 888 569 hominos
921 509 957 568 ad
991 510 1120 569 salutem
1147 509 1215 568 lnde
1237 509 1273 567 alr

102 626 191 677 terno
221 615 438 685 destinaverit,
466 633 536 675 esse
560 616 702 684 Patrem3
732 625 879 692 quatcnm
907 615 937 673 in
966 609 1092 676 Christo
1114 613 1273 674 humanam

102 723 122 780 »l
146 717 356 782 adsociaverit
379 730 537 791 naturam,
560 738 670 798 passus
687 739 722 781 as
739 728 876 780 mortuus
897 721 956 792 slt,
979 722 1087 780 Filium
1094 743 1104 790 3
1127 729 1273 799 quatenus

102 846 138 887 ro
175 826 313 886 homines
354 827 540 898 sanctificet,
577 825 725 904 Spiritum
757 824 792 886 S.
822 828 936 886 vocari.
967 828 1145 886 -lilium
1176 836 1273 885 autem

125 933 276 1014 Spiritum
311 933 343 991 S.
375 933 520 1009 quasdam
551 933 682 991 virtutes
713 952 782 991 esse
817 932 952 1002 divinas,
984 932 1084 994 docuit
1117 950 1199 993 saec.
1236 934 1275 995 11.

102 1038 294 1098 abelliu
313 1058 346 1109 s,
384 1039 433 1115 qui
474 1038 553 1096 inter
582 1039 825 1098 Antitrlnitarios
858 1040 947 1117 longe
981 1040 1130 1119 plurimos
1169 1047 1274 1098 nactus

102 1164 105 1199 ι
141 1143 324 1220 discipulos,
362 1142 439 1202 unde
475 1152 505 1202 ct
553 1162 641 1203 error
687 1144 1005 1217 Antitrinltariorum,
1043 1145 1126 1225 licet
1155 1146 1184 1203 in
1225 1161 1274 1202 va·

104 1266 126 1306 s
158 1249 332 1307 excreverit
364 1266 485 1319 ramos,
521 1267 581 1306 uno
621 1248 845 1309 sabellianismi
887 1250 1006 1309 nomine
1050 1248 1275 1325 comprehendi·

103 1400 114 1415 .
142 1353 310 1412 Sabellium
332 1353 430 1413 secuti
453 1362 523 1412 sunt
546 1354 671 1414 saeculo·
699 1356 750 1413 111.
782 1354 878 1414 adhuc
908 1357 1056 1415 Paulus
1088 1356 1273 1414 Samosa-

102 1476 123 1516 n
136 1475 200 1528 us,
223 1467 253 1517 et
275 1475 352 1518 aesc.
376 1459 430 1522 lV.
453 1458 664 1532 Photinus,
685 1460 855 1538 Episcopus
865 1459 1054 1519 sirmiensis.
1078 1492 1117 1503 -
1139 1459 1201 1520 Alii
1221 1458 1268 1518 de·

102 1582 145 1622 *aar
162 1563 366 1635 exstiterunt,
390 1566 439 1642 qul
462 1564 618 1624 Christum
640 1584 756 1624 merum
779 1565 929 1625 hominem
944 1573 1129 1633 asserentes,
1153 1582 1187 1623 eo
1206 1564 1273 1640 ipso

102 1684 183 1745 sque
213 1668 403 1743 personalem
432 1668 527 1728 Verbi
558 1670 788 1729 subsistentiam
827 1686 995 1747 agnoscere
1028 1688 1085 1731 nou
1121 1678 1273 1747 poteraut,

103 1776 118 1830 l
156 1773 334 1850 ignoratur,
371 1775 439 1851 quid
469 1776 591 1852 proprie
620 1775 656 1834 dc
679 1793 714 1834 ea
743 1776 915 1842 senserint;
948 1774 1095 1852 Spiritum
1119 1774 1152 1838 S.
1174 1783 1272 1834 autem

102 1877 261 1937 »habiliter
289 1895 344 1954 pro
375 1880 405 1936 vi
433 1878 534 1938 divina
565 1878 743 1940 habuerunt.
774 1878 822 1939 Ad
851 1862 929 1940 hanc
957 1881 1088 1939 classem
1120 1880 1274 1956 pertinent

102 1981 299 2042 teodotus
321 1991 466 2060 uterque,
490 1987 685 2045 Artemon
709 1995 738 2044 et
771 1987 831 2044 alii.
862 1982 976 2060 Quibus
1008 2001 1099 2059 porro
1129 1982 1273 2042 accedunt

102 2089 305 2160 miniani,
345 2090 396 2165 qul
424 2089 624 2160 contendunt,
654 2084 814 2152 Christum
849 2098 975 2168 propter
1010 2089 1271 2166 supernaturalem

102 2195 291 2269 sceptlonem
312 2193 520 2266 bellinum,
543 2205 666 2273 propter
690 2196 816 2255 altiores
839 2212 912 2254 vcro
935 2194 1040 2261 dotes,
1063 2202 1093 2252 et
1114 2193 1272 2270 speciatim

102 2307 190 2377 »pter
205 2299 371 2374 potentiam
392 2308 422 2358 et
436 2300 625 2374 majestatem
640 2310 709 2377 post
734 2301 952 2361 assumtionem
988 2302 1017 2359 in
1049 2299 1165 2358 coelum
1187 2315 1272 2357 acce·

102 2422 145 2464 tm
163 2420 391 2480 nonnunquam,
414 2403 468 2462 sed
480 2422 572 2466 sensu
589 2407 755 2483 improprio
778 2407 808 2464 in
822 2406 1016 2466 §silueris
1037 2408 1136 2464 Deum
1158 2403 1272 2472 vocari,

107 2515 243 2588 propter
262 2508 341 2568 hanc
363 2509 503 2568 altiorem
525 2508 703 2591 dignitatem
735 2512 825 2570 etiam
856 2509 1039 2570 adorandum
1069 2518 1102 2569 et
1131 2509 1271 2568 invocan-

102 2631 128 2673 m
157 2628 245 2680 esse,
267 2620 356 2688 alque
378 2613 525 2691 Spiritum
548 2615 581 2675 S.
614 2612 770 2672 dumtaxat
797 2615 941 2673 uirtutem
972 2622 1002 2673 ct
1030 2612 1196 2673 efficaciam
1230 2612 1271 2670 di·

102 2737 166 2780 lam
190 2735 279 2789 esss;
302 2736 440 2779 necnon
463 2720 789 2791 llatloualistae‚
814 2736 888 2796 quos
923 2720 1014 2779 etiam
1045 2720 1219 2778 Deistas
1242 2728 1272 2780 et

102 2825 884 2902 uturalistas,squnitariosdicunt1).·

147 2927 403 3004 Quemadmodum
424 2940 524 2991 autem
545 2932 763 2991 Antitrinitaril
782 2939 935 3001 statuunt,
959 2951 1046 2992 unam
1068 2941 1183 2991 tantum
1206 2932 1270 2992 dari

114 3037 229 3097 divinis
252 3054 424 3115 personam,
446 3046 535 3115 prout
557 3055 616 3096 una
638 3033 825 3098 solummodo
848 3037 948 3097 divina
970 3037 1057 3097 datur
1080 3039 1271 3098 substantia:

102 3191 104 3199 .
128 3162 169 3202 ex
191 3141 319 3202 adverso
341 3144 392 3202 alil
415 3153 478 3202 tres
501 3161 626 3203 numero
649 3162 707 3202 non
732 3152 849 3202 tantum
871 3161 1036 3219 personas,
1057 3142 1110 3203 scd
1132 3153 1163 3203 et
1184 3161 1270 3220 pror·

102 3266 116 3306 s
141 3267 159 3308 a
181 3265 215 3306 se
237 3245 401 3308 distinctas.
419 3248 625 3319 snbstantias,
647 3250 726 3308 inter
756 3268 789 3308 se
820 3249 978 3329 aequales,
1007 3266 1191 3309 assumsere.
1212 3247 1271 3308 Ad·

101 3355 195 3413 llatur
218 3371 307 3413 orror
338 3352 389 3412 hio
412 3352 621 3423 tritheismus,
652 3354 738 3429 cujus
771 3360 931 3414 accusatur
960 3371 1041 3414 saec.
1068 3356 1122 3415 Vl.
1152 3354 1269 3414 doen·

102 3476 137 3517 as
158 3456 278 3519 Philo
286 3475 428 3536 ponus,
453 3458 679 3519 Grammaticus
701 3458 945 3527 Alexandrinus,
969 3468 999 3519 et
1029 3468 1097 3519 ante
1121 3475 1188 3517 eum
1205 3457 1269 3533 jam

102 3580 158 3622 »an
180 3561 486 3640 Ascusnaglres,
509 3562 706 3641 philosophus
729 3564 826 3638 Syrus
849 3568 888 3635 ²),
920 3582 1002 3628 saec.
1031 3566 1084 3624 XI.
1112 3563 1271 3622 lloscel·

114 3686 196 3739 uns,
220 3688 237 3729 a
255 3669 392 3728 concillo
416 3668 699 3729 Suessionensl
720 3669 982 3742 damnatus‚saec.
1001 3665 1099 3730 xvrl.
1124 3666 1272 3728 Scher-

116 3777 174 3844 ck,
196 3774 357 3850 Faydit,
382 3783 412 3833 et
434 3775 496 3832 elii.

147 3873 286 3958 llejecto
302 3874 370 3958 jam
392 3885 527 3960 utroque
541 3895 675 3951 errore,
707 3874 803 3940 docet
824 3873 975 3941 Ecclesia
995 3871 1174 3947 catholica,
1196 3871 1270 3938 Pa-

113 3998 173 4045 em
195 3978 409 4044 senilium
440 3991 480 4044 et
507 3979 715 4065 Spiritum
744 3981 779 4044 S.
809 3992 904 4046 tres
936 4000 1031 4045 esse
1052 4000 1272 4067 personas

102 4084 387 4165 adistinctas,
416 4084 457 4149 iu
489 4106 568 4150 una
594 4097 733 4153 tamen
756 4106 801 4151 ac
830 4085 1058 4150 individua
1080 4084 1270 4151 substan·

102 4201 190 4255 aet
219 4200 385 4264 natura,
416 4189 609 4255 omnibus
641 4211 692 4254 cx
722 4210 856 4276 aequo
886 4188 1118 4265 communi,
1141 4210 1214 4270 seu,
1237 4200 1272 4253 ut

102 4358 350 4383 ——qn—

102 4425 124 4484 ι)
142 4423 187 4476 cf.
205 4421 319 4476 Klein
330 4459 339 4487 ,
357 4425 427 4476 litet.
451 4427 533 4477 licet.
558 4425 656 4477 curtat.
684 4423 789 4477 Graec.
817 4425 893 4477 ¹828.
920 4423 955 4476 Τ.
974 4426 1000 4478 l.
1017 4437 1046 4490 p.
1066 4424 1116 4475 172
1133 4437 1179 4476 sa.
1198 4422 1228 4473 ’1.
1245 4425 1270 4474 2.

181 4528 223 4566 σθ.

102 4514 185 4668 11111.
205 4606 303 4662 coroa.
322 4606 404 4672 creo.
421 4609 488 4667 aar,
505 4607 578 4667 teto
597 4603 817 4665 serenans.
836 4606 907 4669 vill
925 4606 1018 4697 aflerat·
1036 4604 1072 4666 T·
1087 4605 1118 4658 ²·
1132 4616 1161 4683 p·
1177 4604 1237 4670 ³29.
