2926 5168
1284 229 1347 295 117

147 377 296 452 pentibus
317 376 518 452 disciplinam
542 377 584 453 ¹).
606 372 1035 456 Psalmistengomiuus
1064 381 1100 439 im
1132 383 1221 440 coelo
1247 398 1353 458 poro-

148 486 192 542 oit
211 489 319 541 sedem
341 500 455 541 strom:
479 488 661 558 strepitum
691 487 791 558 ipsius
813 485 957 544 ommibus
983 487 1195 545 dominabitur
1216 490 1255 560 ³).
1287 483 1353 546 Su·

148 584 289 668 piens:
312 593 381 647 Nou
397 593 448 647 est
466 591 550 646 otius
566 587 666 659 Deus,
690 607 785 667 quom
802 594 845 660 iu,
868 595 934 648 oui
954 609 1056 651 sura
1078 599 1143 650 ost
1164 592 1208 651 ds
1230 596 1352 654 omoi-

148 704 237 771 ous,
260 695 281 761 i.
301 714 328 754 e.
355 712 414 775 pro
434 701 599 771 contextu,
627 690 680 775 qui
704 690 828 755 cunctis
852 693 978 778 populis
1002 694 1160 778 prospicit
1178 695 1217 759 de
1243 696 1351 761 debito

145 802 261 888 cuique
278 799 420 886 praemio
438 799 489 862 vel
514 819 617 882 poena
643 798 680 882 ⁸).
708 799 781 862 Non
802 811 923 864 tentum
947 813 1054 867 autem
1071 803 1233 869 universis
1254 826 1351 891 popu·

144 907 194 982 iis,
220 909 277 972 sed
301 917 333 970 et

229 1032 256 1076 r.
279 1010 417 1098 singuiis
448 1007 629 1072 hominibus
652 1008 744 1071 Deus
774 1029 833 1091 pro
863 1007 984 1073 infinite
1012 1011 1211 1099 benignitate
1240 1034 1279 1077 oc
1301 1034 1350 1078 sa·

143 1116 261 1202 pientia
284 1113 440 1200 providet.
463 1118 662 1176 Dominus
683 1112 793 1191 repit
811 1137 879 1192 sne,
902 1113 990 1178 canit
1011 1115 1197 1198 Psaltes,
1219 1126 1251 1181 ei
1270 1121 1354 1182 nitu

142 1226 221 1284 milri
242 1225 349 1285 deerit.
374 1227 420 1283 Im
449 1221 539 1281 loeo
566 1240 755 1298 possitae
776 1222 833 1281 idi
860 1242 918 1282 me
940 1224 1179 1286 collocavit.
1211 1224 1350 1302 Super

142 1348 290 1411 aquom
310 1328 572 1405 refectionis
593 1327 798 1386 educavit
816 1346 893 1386 me:
915 1330 1090 1389 amimam
1110 1350 1233 1390 meam
1256 1351 1348 1392 oom-

140 1437 271 1495 vertit
299 1430 335 1507 (i.
369 1450 396 1493 e.
426 1449 520 1493 ovem
551 1428 639 1513 quasi
670 1428 840 1492 erraticam
870 1449 913 1492 ex
941 1430 1036 1494 inviis
1058 1433 1098 1495 ed
1120 1433 1232 1497 caules
1253 1435 1347 1497 redu·

138 1537 210 1621 xit).
231 1539 423 1598 Deduxit
440 1555 497 1595 me
519 1555 640 1612 super
661 1539 1064 1613 semitosjustitiae,
1083 1546 1213 1619 propter
1233 1560 1347 1603 nomeu

138 1664 234 1703 sisoim
258 1639 291 1724 (i.
321 1660 347 1702 e.
379 1649 512 1723 propter
539 1637 769 1717 semetipsum,
797 1637 870 1722 quio
901 1636 1027 1702 scilicet
1047 1640 1139 1704 Deus
1168 1641 1345 1708 Redemtor

137 1746 212 1831 est).
241 1748 348 1824 Nom,
379 1753 410 1806 ot
437 1752 467 1805 si
497 1746 699 1805 ambulavero
731 1752 765 1806 im
786 1748 887 1806 medio
918 1751 1048 1806 umbrae
1069 1755 1181 1808 mortis
1201 1745 1236 1829 [i.
1259 1767 1288 1814 e.
1311 1746 1344 1811 in

137 1849 251 1914 mediis
270 1848 434 1934 perieulis,
454 1848 486 1912 in
500 1846 649 1911 maximis
665 1847 852 1933 angustiis),
876 1870 940 1910 mou
957 1845 1071 1913 timebo
1092 1859 1194 1913 moto.-
1213 1857 1290 1934 quio
1311 1860 1345 1915 tu

134 1979 258 2019 mesum
279 1978 323 2019 es.
351 1958 481 2031 Virpo
503 1961 586 2025 tiso,
610 1958 650 2013 et
670 1955 846 2015 baculus
867 1961 962 2015 tuus
984 1952 1020 2033 (i.
1043 1974 1070 2017 e.
1091 1955 1266 2039 pastoralis
1288 1967 1343 2021 tua

134 2081 212 2125 curo
242 2072 275 2124 et
307 2057 532 2137 sustentetio):
560 2063 650 2138 ipso
682 2078 736 2119 mo
765 2066 993 2120 consolato
1023 2065 1187 2142 sumti).
1221 2061 1341 2126 Auctor
1386 2045 1390 2051 ¹

132 2165 476 2230 Proverbiorum:
501 2164 565 2226 Cor
584 2166 719 2224 homimis
733 2165 875 2239 disponit
887 2169 970 2224 oium
989 2185 1102 2226 suum:
1126 2169 1184 2227 sed
1203 2168 1340 2231 Domi-

131 2281 173 2334 mi
202 2285 268 2335 est
299 2276 495 2348 diripere
514 2289 690 2347 pressus
712 2271 800 2346 ejus
819 2275 858 2343 ⁶).
876 2303 916 2316 -
937 2275 1058 2332 Multae
1080 2276 1285 2348 comitatiorem
1306 2280 1341 2335 im

132 2381 226 2439 corde
247 2382 324 2439 siri:
350 2381 551 2438 voluutas
582 2380 686 2434 autem
714 2374 873 2434 Domimi
903 2377 1163 2451 permanebit
1183 2383 1224 2454 6).
1248 2411 1288 2424 -
1309 2386 1338 2440 A

130 2484 301 2544 Domino
332 2484 579 2560 diripiantur
605 2499 787 2556 pressus
809 2485 913 2540 viri:
943 2485 1014 2561 quis
1042 2487 1145 2542 autem
1175 2483 1338 2545 homiuum

129 2588 306 2662 iutelliqors
322 2593 428 2665 potest
453 2590 535 2646 viam
557 2604 649 2646 suum
671 2582 725 2666 7)1
747 2581 790 2644 Et
811 2580 1048 2646 Psalmista
1081 2582 1218 2647 iterum:
1246 2586 1335 2649 Eoos

128 2692 238 2752 oeuli
266 2695 420 2751 Domini
450 2708 581 2769 super
617 2696 846 2752 metuentes
883 2709 989 2750 eum:
1021 2695 1053 2751 et
1078 2693 1120 2750 im
1150 2694 1236 2770 eis,
1266 2698 1336 2772 qui

127 2803 296 2873 sperant
324 2815 451 2875 super
481 2795 782 2856 misericordia
811 2797 914 2870 ejus.
946 2791 997 2854 Ut
1026 2800 1151 2855 eruut
1171 2816 1191 2855 o
1212 2801 1334 2856 morte

126 2905 287 2962 animos
315 2920 466 2961 eorum:
496 2907 537 2960 et
561 2905 653 2961 aiot
677 2918 746 2960 eos
778 2900 962 2972 infame
991 2903 1029 2975 8).
1060 2935 1100 2944 -
1137 2898 1333 2964 Nominotim

126 3002 222 3065 docet
244 3002 277 3064 S.
299 3001 477 3086 Scriptura,
506 3000 591 3064 vitae
621 2999 790 3063 terminum
821 2998 935 3084 cuique
966 3020 984 3062 a
1015 3000 1087 3064 Deo
1121 3001 1332 3068 constitutum

126 3127 211 3171 esse.
244 3108 367 3170 Breues
396 3111 465 3168 dies
493 3109 630 3169 doosimis
659 3112 754 3175 sumt,
783 3125 982 3167 numerus
1013 3113 1209 3168 meusium
1238 3112 1332 3185 ejus

124 3213 237 3290 opud
255 3224 292 3274 te
314 3219 399 3274 est:
421 3215 684 3274 constituisti
713 3213 910 3272 terminos
942 3212 1047 3287 ejus,
1076 3216 1131 3292 qui
1156 3216 1331 3291 praeteriri

122 3314 424 3403 mmpotsrumtv.
448 3315 580 3378 -Una
603 3325 709 3377 autem
733 3311 879 3386 traditur,
901 3310 973 3378 fieri
996 3313 1078 3378 hane
1094 3335 1223 3379 omnem
1250 3313 1328 3379 divi·

121 3441 196 3487 nem
219 3420 461 3502 dispositionem
486 3432 580 3505 atque
597 3418 759 3482 hominum
784 3417 993 3483 directionem
1011 3418 1102 3482 salve
1123 3419 1323 3507 singulorum

120 3526 154 3591 in
177 3526 304 3614 agendo
329 3526 477 3591 libertate
500 3538 533 3591 et
553 3525 586 3589 in
609 3525 769 3610 precando
792 3523 911 3609 pietate
935 3525 987 3609 ¹⁰).

121 3656 364 3673 μ’*

155 3709 177 3774 ι)
189 3713 269 3761 1116.
286 3712 312 3770 2,
327 3706 551 3764 29410111.
570 3711 712 3771 luo-12.
723 3711 783 3762 der.
795 3711 836 3772 19,
846 3711 870 3762 7.
881 3709 978 3760 Amos.
996 3709 1022 3769 3,
1040 3710 1065 3759 6.
1085 3707 1195 3762 iudith.
1213 3709 1325 3770 9,1-9.

152 3805 177 3864 2)
196 3801 244 3852 Ps.
264 3802 321 3859 192,
341 3802 380 3851 19.
401 3800 444 3852 ci.
462 3802 505 3863 22,
527 3806 537 3852 t
558 3813 600 3850 ss.
619 3801 661 3864 26,
679 3803 697 3850 9
713 3813 754 3852 ss.
773 3799 817 3860 99,
838 3800 849 3848 1
869 3813 912 3849 ss.
928 3800 971 3861 91,
989 3797 1060 3852 iu.
1081 3798 1139 3860 118,
1159 3800 1189 3848 17
1201 3811 1247 3853 ss.
1266 3797 1324 3863 111,

118 3896 160 3946 13.
179 3892 268 3945 Eecii.
288 3895 312 3953 1,
330 3894 424 3945 8-10.
442 3889 506 3943 doh.
526 3893 567 3953 12,
587 3892 619 3942 19
635 3905 677 3946 σε.

149 3975 381 4051 &mmm

148 4069 396 4140 mmmm

148 4157 173 4224 ⁵)
191 4163 276 4214 Prov.
295 4163 336 4221 16,
354 4165 379 4213 9.

147 4243 172 4310 ⁶)
190 4249 276 4301 ProV.
296 4250 337 4312 19,
354 4250 399 4300 21.

146 4337 171 4400 ⁷)
189 4340 277 4400 Prov,
295 4340 339 4401 20,
356 4338 400 4389 21.

131 4423 171 4490 ·⁸)
189 4430 237 4480 Ps.
255 4431 298 4489 32,
317 4429 425 4479 tit-te.
444 4427 486 4478 01.
504 4430 567 4479 Act.
588 4430 628 4487 18,
645 4430 687 4479 21.
706 4429 731 4480 1.
750 4427 816 4479 Gor.
837 4429 877 4487 16,
896 4430 922 4479 7.

145 4517 170 4581 9)
189 4517 252 4570 Job.
273 4519 313 4579 11,
332 4521 356 4566 5.

145 4605 180 4675 ¹⁰)
199 4609 240 4660 Cf.
250 4607 351 4661 Matth.
362 4609 387 4668 6,
396 4609 422 4661 6.
431 4609 474 4667 26,
483 4609 516 4658 39
524 4621 564 4658 ss.
574 4607 659 4658 donn.
669 4608 709 4667 lo,
720 4608 824 4661 23³⁸st
837 4605 942 4672 Timo,
953 4606 976 4658 1.
987 4606 1116 4659 211166.
1126 4607 1149 4669 1,
1158 4608 1183 4658 ὅ.
1193 4608 1218 4671 5,
1228 4605 1260 4656 11
1271 4619 1313 4660 ιι.
