2926 5168
1280 212 1345 283 snt

134 350 218 421 bium
241 369 316 417 esse
345 371 409 419 uon
438 363 564 439 potest;
593 374 688 438 quum
706 354 741 418 in
766 365 832 419 tote
854 356 916 420 hac
937 353 1113 443 Evangelii
1134 368 1279 445 περικοπῇ
1302 364 1341 427 de

136 461 226 544 Λόγῳ
249 479 360 525 sermo
375 457 427 526 sit.
452 459 629 527 Praeterea
641 459 743 525 sinon
759 464 868 544 Λόγος,
892 458 1340 548 seddedcsubjectumesset:

134 574 347 649 sequeretur,
369 566 473 629 Deum
506 565 639 630 Patrem
669 585 744 629 esse
773 568 891 649 Atye,
920 567 1005 630 hunc
1028 565 1112 631 enim
1132 570 1191 632 sub
1217 572 1339 638 voceo‘

132 665 205 743 θοός
223 669 256 736 ἰο
268 669 538 756 praecedentibus
554 681 667 755 aperte
684 670 831 735 Joaunes
846 670 1012 758 intelligit:
1035 693 1055 735 a
1077 693 1139 757 quo
1155 685 1260 741 tamen
1285 700 1339 743 ex-

131 795 244 856 presse
256 773 359 859 Λόγον
380 775 568 843 discernere
591 775 679 852 vult,
704 797 798 861 quum
819 776 925 861 ipsum
939 777 1023 861 apud
1039 776 1155 852 Deum,
1179 776 1231 843 τόν
1252 779 1338 859 θοόν,

130 879 250 955 fuisse,
274 892 306 945 et
323 880 428 954 illum,
450 901 512 947 non
534 893 643 946 autem
665 881 749 946 hunc
772 881 935 946 bominem
957 882 1076 948 factum
1097 903 1191 959 esse,
1215 887 1338 953 doceat.

129 985 308 1071 Praepouit
329 998 437 1051 sutem
462 985 640 1073 Apostolus
664 985 698 1050 in
724 996 882 1049 commate
898 997 1012 1052 nostro
1030 987 1251 1070 praedicatum
1266 995 1339 1059 sub·

126 1093 238 1179 jecto,
261 1092 409 1179 quoniam
425 1093 464 1156 de
482 1093 545 1159 hoe
563 1088 728 1179 singulare
741 1091 858 1177 aliquid
875 1091 1041 1157 enuntiare
1059 1091 1136 1165 vult,
1161 1105 1194 1159 et
1206 1095 1339 1183 insuper
1361 1170 1364 1175 ,

128 1197 264 1274 forsan,
283 1208 335 1274 ut,
363 1198 629 1283 quemadmodum
652 1198 685 1262 in
715 1197 984 1281 praecedentibus
1007 1208 1040 1261 et
1066 1198 1339 1285 subsequentibus

129 1302 345 1369 commatibus
362 1303 449 1378 iacit,
473 1305 588 1367 eodem
605 1303 765 1370 vocabulo
784 1303 977 1369 sententiam
992 1313 1181 1388 sequentem
1196 1304 1337 1382 inchoet.

128 1431 189 1495 quo
218 1409 468 1494 praecedentem
478 1407 636 1474 finiverat.
660 1444 699 1456 -
723 1406 888 1473 Socinieni
903 1407 1030 1492 quidem
1046 1410 1238 1475 vocabulum
1264 1410 1339 1487 θεὸς

126 1513 404 1580 converteruntin
421 1520 508 1589 etot,
518 1534 632 1578 verum
648 1525 764 1579 contre
779 1511 1007 1579 auctoritatem
1024 1513 1163 1578 omnium
1181 1496 1338 1595 codicum,

124 1619 270 1685 omnium
284 1620 489 1695 versionum,
512 1632 607 1707 atque
627 1618 767 1684 omnium
785 1620 849 1686 SS.
871 1617 1016 1696 Petrum,
1040 1619 1092 1707 qui
1107 1629 1232 1689 textum
1252 1623 1337 1690 huuc

125 1725 240 1790 citant.
264 1725 328 1790 Alii
341 1736 502 1791 mutarunt
518 1725 828 1810 interpunctionem,
850 1737 1006 1809 ponentes
1023 1736 1176 1811 punctum
1191 1739 1268 1810 post
1282 1720 1317 1810 ἦν
1325 1777 1336 1809 ,

124 1831 221 1918 quasi
238 1831 348 1898 dicere
363 1830 521 1896 voluisset
533 1833 728 1917 Apostolus:
750 1827 852 1915 Λόγος
874 1842 945 1896 erat
961 1830 1044 1914 apud
1061 1830 1177 1904 Deum,
1196 1842 1228 1893 et
1244 1832 1336 1896 Deus

122 1936 263 2002 exstitit
286 1938 349 2001 Ast
364 1935 542 2001 immutatio
561 1936 644 2001 haec
663 1947 804 2000 tentatur
826 1935 946 2020 pariter
970 1945 1082 2001 contra
1109 1934 1336 2004 auctoritatem

121 2043 268 2107 omnium
285 2043 470 2107 versionum
503 2052 537 2106 et
560 2042 622 2106 SS.
645 2040 787 2106 Petrum.
808 2042 950 2127 Insuper
963 2039 1017 2105 ille
1034 2038 1193 2113 admissa,
1217 2060 1335 2105 sensns

118 2150 235 2235 prodit
251 2146 480 2235 frigidissimus
496 2167 535 2213 ac
548 2167 628 2212 vere
641 2146 864 2213 intolerabilis.
887 2147 1056 2226 Quomodo
1074 2145 1159 2209 enim
1174 2146 1337 2230 potuisset

117 2251 302 2338 Apostolus
319 2251 457 2337 primum
474 2252 664 2327 adfirmare,
688 2253 795 2317 Deum
824 2251 1011 2326 exstitisse,
1042 2261 1212 2335 postquam
1246 2250 1334 2315 dixe·

116 2370 195 2439 rat,
216 2357 317 2439 Λόγον
332 2356 414 2440 apud
439 2358 546 2421 Deum
572 2357 699 2423 fuisse?
721 2359 835 2443 Neque
851 2358 976 2428 obstat,
999 2353 1169 2440 quominus
1187 2356 1226 2418 de
1256 2376 1336 2419 vera

116 2462 295 2528 divinitate
306 2468 359 2525 τοῦ
376 2464 477 2545 Λόγου
494 2462 692 2550 cogitemus,
716 2463 907 2527 vocabulum
924 2457 998 2535 θεός
1018 2459 1071 2525 bic
1097 2460 1238 2544 positum
1259 2481 1335 2524 esse

113 2566 195 2631 sine
210 2563 356 2629 articulo.
379 2565 463 2628 Nem
485 2584 558 2627 cum
580 2562 793 2650 Evangelista
813 2584 897 2629 voce
920 2565 995 2639 θοός
1017 2564 1049 2628 in
1070 2564 1232 2651 prioribus
1251 2586 1335 2633 com·

112 2672 262 2739 metibus
279 2671 380 2735 semel
395 2671 744 2755 iterumqueutaturad
763 2690 875 2735 veram
893 2670 1092 2743 divinitatem
1109 2671 1334 2745 denotandam,

111 2776 312 2845 verosimile
335 2797 397 2839 nou
423 2787 491 2850 est,
513 2775 600 2840 illum
624 2777 741 2841 eodem
763 2775 854 2861 quasi
874 2775 972 2841 halitu
985 2776 1073 2841 idem
1092 2777 1282 2841 vocabulum
1302 2790 1335 2841 et

107 2882 255 2970 proprie
272 2893 305 2945 et
326 2879 501 2967 improprie
523 2880 690 2945 sumsisse.
712 2881 864 2957 Accedit,
887 2880 919 2945 in
946 2883 1000 2949 illa
1027 2881 1098 2966 ipsa
1122 2894 1235 2946 nostra
1255 2907 1333 2967 περι·

105 2994 201 3073 κοπῇ
221 2987 307 3052 idem
326 2987 518 3053 vocabulum
532 2987 604 3051 sine
620 2987 753 3054 articulo
786 3000 837 3052 ter
877 2988 916 3051 de
954 2986 1026 3049 Deo
1050 2985 1151 3050 Patre
1176 2988 1331 3053 adbiberi.

103 3096 306 3160 melaino
322 3100 441 3156 missus
458 3118 478 3156 a
496 3094 583 3165 Deo,
604 3093 688 3175 παρὰ
706 3099 784 3155 θεοῖ
807 3093 852 3177 ¹);
876 3094 964 3155 dedit
978 3095 1025 3153 eis
1046 3100 1231 3169 potestatem
1247 3095 1334 3176 filios

102 3203 204 3274 Dei,
233 3199 319 3260 τέκνα
348 3203 441 3271 θεοῦ,
469 3203 542 3280 fieri
563 3197 608 3283 2);
630 3207 684 3282 qut
707 3235 745 3247 -
768 3220 813 3261 en
835 3200 926 3278 Deo,
948 3200 979 3259 ἐκ
1000 3203 1093 3272 θεοῦ,
1115 3203 1184 3261 itali
1199 3209 1277 3263 sunt
1296 3202 1332 3284 ³).

102 3302 142 3371 Ε
169 3302 339 3368 contrario
362 3297 437 3374 θοός
460 3322 533 3366 eum
563 3301 698 3368 articulo
726 3304 766 3366 de
785 3301 873 3367 talsis
896 3301 957 3365 diis
982 3322 1109 3387 quoque
1132 3303 1275 3368 occurrit
1297 3314 1333 3379 t).

102 3405 239 3475 Posuit
254 3394 360 3472 autem
374 3403 448 3479 θεός
470 3409 510 3472 de
523 3408 634 3472 Verbo
649 3407 679 3470 in
699 3419 812 3471 nostro
839 3418 997 3472 commate
1025 3407 1095 3470 sine
1118 3407 1268 3484 articulo,
1292 3432 1332 3474 ne

102 3512 229 3603 ipsum
248 3511 497 3577 commisceatur
516 3534 588 3577 cum
601 3513 714 3587 Patre,
738 3512 790 3597 qui
807 3512 822 3574 ό
841 3511 914 3584 θεός
936 3511 968 3575 in
985 3512 1255 3594 praecedentibus
1274 3514 1330 3577 ad·

102 3619 270 3704 pellatur.
292 3616 384 3702 Ergo
421 3613 523 3699 Λόγος
553 3638 596 3680 ex
617 3627 724 3680 mente
746 3615 895 3701 Apostoli
917 3628 982 3686 est,
999 3616 1090 3680 Deus
1100 3662 1113 3696 ,
1144 3626 1176 3680 et
1204 3617 1330 3701 quidem

102 3722 169 3792 ille
217 3720 289 3807 ipse
317 3723 438 3804 Λόγος,
468 3721 521 3806 qui
554 3735 626 3786 eret
657 3721 697 3785 ab
728 3732 860 3786 aeterno
898 3722 981 3817 apud
1012 3721 1129 3792 Deum,
1154 3740 1212 3785 seu
1232 3725 1331 3807 Λόγος

102 3843 169 3896 est
218 3827 353 3901 Deus,
397 3837 438 3890 et
473 3825 585 3890 Deus
623 3828 727 3913 apud
763 3827 917 3904 Deum,
945 3838 1070 3913 atque
1101 3834 1330 3913 utrumque

102 3943 318 4000 aeterne

204 4035 331 4116 Quanta
353 4035 397 4099 sit
418 4034 516 4100 totius
539 4033 632 4122 hujus
657 4057 773 4102 versus
795 4036 844 4102 vis
866 4050 980 4104 contre
1001 4035 1329 4122 haeresinArieuam,

102 4164 180 4212 uec
197 4162 265 4207 non
287 4139 521 4216 sabellianam,
544 4141 697 4208 adcurate
719 4141 844 4232 colligit
865 4145 1067 4211 Isidorus
1089 4143 1329 4221 Pelusiots,

151 4335 178 4401 ¹)
198 4348 225 4386 v.
244 4335 269 4384 e.

149 4423 178 4489 2)
197 4435 225 4473 v.
245 4423 285 4474 12.

151 4506 179 4576 3)
198 4526 225 4564 v.
245 4514 286 4564 1³.

152 4601 187 4670 t).
199 4602 241 4664 ct.
258 4603 323 4656 Aet·
342 4605 370 4672 7,
384 4603 430 4659 Ab.
448 4602 558 4659 zacor.
577 4609 603 4668 t,
621 4602 646 4656 t.
665 4599 731 4660 nst.
748 4602 817 4666 lut.
929 4635 934 4643 ·
