2926 5168
1283 226 1346 309 ,38¹

139 388 210 456 De'o
232 384 319 454 trina
341 393 433 455 datur
455 391 661 474 hypostasis:
684 390 860 476 appellatur
882 407 1008 476 proque
1030 391 1060 453 D
1073 412 1144 455 eus
1166 392 1347 470 triunus,

140 496 397 583 atquedivinitas
420 495 535 560 dicitur
556 495 768 569 Trinitas,
791 493 883 580 quasi
905 495 1143 564 Triunitas'.

222 603 404 668 Veritatem
427 603 509 667 hanc
532 601 723 666 revelationi
752 601 877 665 divinae
907 601 938 664 in
965 602 1110 688 acceptis
1143 604 1347 672 'referendam

142 728 234 783 esse,
259 718 291 772 et
305 708 367 772 hoe
381 718 536 793 respectu
554 707 594 773 ad
611 705 767 790 mysteria
784 707 964 792 pertinere,
997 709 1202 775 consentiunt
1224 733 1348 777 omnes.

139 815 262 878 Verum
276 825 381 877 utrum
404 813 511 877 valeat
527 832 585 896 per
606 813 765 877 rationem
787 812 988 877 sufficienter
1017 815 1168 899 probari,
1202 818 1349 904 adeoque

139 942 213 984 num
236 931 269 984 et
292 920 353 984 lroc
375 916 684 996 sensu'mysterium
707 917 854 982 vocanda
874 918 937 992 sit,
958 938 1019 983 nec
1043 941 1102 993 ne,
1125 920 1248 986 nostris
1270 932 1348 988 teni·

139 1024 271 1109 poribus
293 1023 440 1109 quaestio
472 1025 576 1086 denuo
601 1022 797 1088 resuscitata
818 1034 878 1090 est.
905 1024 986 1087 Sunt
1014 1026 1099 1090 enirn
1123 1027 1193 1102 alii,
1217 1029 1291 1114 qui,
1313 1042 1369 1094 ut*

138 1129 180 1194 ita
204 1129 324 1200 dicam,
346 1129 386 1194 als
408 1150 470 1194 usu
491 1127 627 1192 rationis
647 1127 680 1192 in
703 1127 805 1201 omni,
829 1139 861 1191 et
876 1128 1049 1214 praecipue
1065 1131 1097 1194 in
1125 1143 1262 1219 augusto
1287 1134 1349 1198 SS.

139 1233 314 1299 Trinitatis
326 1234 495 1318 mysterio,
506 1233 646 1297 omnium
659 1231 829 1307 altissimo,
848 1232 1073 1298 abstinendum
1089 1256 1164 1300 esse
1181 1249 1347 1311 censeant,

138 1351 170 1404 et
177 1339 231 1424 qui
238 1339 311 1403 ideo
320 1339 434 1424 sess,
448 1339 789 1422 Litterasprovocent,
808 1337 985 1402 secundum
1002 1343 1195 1424 quasDeunr
1204 1335 1349 1405 nemosi-

138 1447 332 1528 da'tunquam
344 1454 382 1523 ¹),
396 1464 496 1529 porro
513 1445 552 1507 ad
560 1444 623 1510 SS.
633 1442 762 1516 Patres,
770 1442 823 1528 qui
833 1443 981 1520 doceant,
994 1451 1041 1507 sto
1053 1447 1238 1510 Trinitatem
1256 1464 1349 1510 esee·

137 1558 214 1612 dere
224 1572 323 1622 omne,
334 1554 566 1631 quodsopitore
577 1552 753 1631 oelaupere
764 1568 949 1630 possumus,
957 1552 1185 1631 aieutsuperut',
1195 1561 1281 1636 quod
1289 1574 1349 1615 su·

135 1662 257 1730 mus2),
266 1666 298 1720 et
307 1664 481 1739 propterea
492 1663 726 1718 assumentum
735 1661 792 1716 doe
810 1675 1053 1735 moyssonem,
1064 1663 1097 1718 et
1111 1659 1236 1740 quidem
1251 1679 1348 1720 oene-

135 1770 289 1842 randum,
305 1760 774 1845 nonsarutaadum³]‚necnon
791 1760 830 1822 ad
855 1758 1041 1846 Gregori
1052 1780 1115 1822 um
1137 1761 1348 1846 Xl.,quipro·

136 1864 333 1951 positionem
355 1863 478 1937 Lulli,
502 1865 609 1928 omnia
631 1863 788 1947 mysteria
810 1884 869 1949 per
886 1864 1046 1927 rationem
1065 1884 1163 1947 posse
1181 1865 1348 1930 evidenter

136 1969 288 2054 probari,
311 1969 546 2041 condemnavit,
570 1981 602 2033 et
624 1967 745 2033 Pauli
767 1967 818 2042 V„
841 1968 893 2053 qui
925 1967 1061 2031 similem
1086 1970 1125 2033 de
1148 1970 1209 2035 SS.
1239 1971 1349 2035 Trini·

140 2085 210 2138 tate
226 2083 296 2138 atro
314 2073 468 2161 stigmate
488 2074 621 2138 notavit.
643 2073 707 2137 Alii
730 2084 838 2137 autem
866 2074 1046 2158 oppositam
1070 2074 1264 2139 sententiam
1303 2087 1348 2137 te·

135 2190 236 2253 nent,
259 2170 481 2254 defendentes,
503 2178 734 2243 revelationem
758 2199 821 2243 non
844 2199 919 2243 esse
943 2179 1070 2265 quidem
1087 2179 1187 2253 inira,
1211 2179 1271 2242 sed
1293 2198 1347 2242 ne·

136 2278 201 2369 q'ue
216 2305 315 2367 supra
329 2283 506 2358 rationem,
528 2302 642 2347 verum
665 2305 723 2368 pro
746 2284 892 2360 ratione,
916 2295 950 2347 et
969 2283 1044 2348 hinc
1062 2284 1133 2368 ejus
1151 2283 1246 2349 etiam
1264 2282 1348 2347 veri·

134 2399 239 2463 tates,
262 2410 343 2475 quae
371 2389 582 2455 communiter
608 2389 764 2472 mysteria
793 2389 941 2463 audiunt,
972 2389 1002 2453 ei
1018 2410 1154 2475 prorsus
1172 2386 1348 2473 impervias
1413 2390 1419 2401 '

130 2513 215 2558 esse
238 2493 324 2558 haud
345 2515 461 2580 posse,
486 2495 543 2558 sed
562 2500 665 2578 ipsam
680 2494 786 2580 potius
804 2495 844 2558 ad
868 2495 923 2559 illa
947 2494 1193 2581 investiganda,
1223 2491 1269 2555 uti
1291 2511 1349 2554 sua

129 2610 253 2664 natura
276 2598 415 2684 impelli,
447 2599 493 2664 ita
516 2621 575 2685 pro
599 2620 657 2663 sua
677 2600 833 2686 dignitate
852 2601 972 2665 tuenda
999 2598 1121 2674 teneri,
1153 2600 1257 2663 donec
1278 2617 1349 2681 per·

125 2710 258 2769 sectam
294 2724 406 2769 eorum
441 2704 676 2792 cognitionem,
713 2705 735 2772 i.
764 2726 791 2769 e.
822 2716 888 2770 tum
926 2706 1046 2770 claram
1075 2725 1114 2769 ac
1145 2703 1349 2789 perspicuam

84 2888 87 2893 ⁵
126 2808 269 2874 omnino
291 2809 473 2884 notionem,
497 2821 562 2873 turn
586 2810 732 2875 internae
753 2811 961 2876 necessitatis
980 2821 1103 2875 certam
1118 2829 1156 2872 ac
1179 2809 1347 2875 inconcus·-

128 2938 209 2981 sam
225 2915 370 2980 notitiam
399 2916 461 2981 sibi
485 2917 731 3000 comparaverit.
754 2917 940 3003 Eapropter
957 2920 1047 3005 ipsos
1067 2918 1130 2982 SS.
1153 2917 1279 2990 Patres,
1297 2916 1348 2980 'uti

130 3021 351 3088 Basilium
381 3024 436 3097 M,
468 3035 637 3108 utrumque
668 3023 942 3110 Gregorium,
975 3025 1177 3089 Joanner'n
1205 3022 1349 3086 Dama·

126 3122 330 3201 sce'num,
353 3128 638 3214 Augustinum
661 3139 694 3192 et
708 3129 790 3193 alios
801 3129 1165 3215 ejusmodiprofundiori
1175 3128 1349 3194 veritatum

126 3234 356 3300 revelatorum
395 3232 637 3321 investigationi
672 3256 748 3299 sese
790 3236 909 3301 dedere
948 3236 1032 3299 haud
1073 3235 1174 3300 luisse
1212 3233 1348 3301 veritos·

123 3339 231 3421 Quod
259 3357 298 3402 eo
324 3338 430 3424 magis
457 3359 533 3402 esse
559 3340 800 3415 arscessarium,
825 3340 972 3427 quoniam
988 3339 1114 3404 nonnisi
1132 3341 1193 3405 hac
1209 3340 1349 3426 singula·

120 3466 206 3511 rum
223 3442 396 3507 veritatum
418 3443 493 3507 {idei
515 3445 770 3528 pertractatione
787 3446 953 3531 disciplina
970 3457 1082 3510 nostra
1097 3445 1226 3510 nornine
1245 3445 1348 3516 scien,-

124 3551 202 3616 tiae
224 3549 437 3613 condecorari
454 3560 626 3614 mereatur.

220 3653 354 3719 Interim
371 3665 479 3718 tamen
495 3655 540 3719 illi
559 3677 639 3720 vera
657 3658 709 3722 via
724 3656 878 3722 incedere
897 3659 1056 3730 videntur,
1076 3655 1128 3741 qui
1147 3667 1280 3720 ostensa
1295 3676 1349 3719 ve·

118 3763 233 3828 ritate
248 3759 478 3842 mysteriorum
492 3761 599 3826 divina
619 3762 821 3849 argumentis
838 3763 997 3848 positivis,
1021 3783 1064 3826 ex
1079 3760 1222 3825 lontibus
1233 3759 1347 3824 ‘divina

121 3863 331 3934 auctoritate
350 3865 545 3949 pollentibus
563 3869 757 3954 depromtis,
774 3865 952 3932 'veritatem
970 3886 1113 3952 quoque,
1137 3885 1228 3950 quam
1241 3863 1351 3931 dicunt

130 4023 403 4043 μ

150 4086 194 4153 ⁴¹)
208 4088 301 4139 'Josm
322 4088 348 4148 1,
366 4085 468 4136 rect.
487 4087 589 4137 Matth.
610 4088 650 4148 11,
670 4087 712 4136 27.
734 4089 756 4136 1.
776 4086 841 4138 (tor.
860 4089 886 4148 2,
904 4088 921 4137 o
938 4100 980 4139 ss.

163 4178 192 4244 ²)
212 4174 389 4240 Fulgent.
408 4180 452 4227 Ad
470 4177 576 4226 rvtstm.
596 4179 615 4226 t.
636 4180 663 4227 ².
683 4191 709 4228 c.
730 4185 757 4228 1.
776 4175 845 4242 0pp.
865 4190 893 4241 p.
911 4177 953 4228 88.
974 4175 1015 4229 Gi.
1034 4167 1203 4226 Athenas
1224 4178 1349 4246 latitud:

130 4268 234 4322 Omnia
252 4267 318 4316 miti
335 4268 434 4317 trudito
453 4273 529 4326 sunt,
549 4273 646 4318 elesa.
666 4270 693 4316 6.
709 4265 781 4332 lippa
799 4264 832 4316 Τ.
853 4269 877 4318 1.
895 4281 923 4333 p.
951 4268 1008 4317 1⁰7.
1026 4268 1115 4326 Epist.
1139 4269 1176 4317 ad
1199 4267 1294 4326 serap.
1315 4271 1349 4319 ·1.

133 4376 158 4412 n.
182 4359 309 4407 17-19.
328 4353 359 4404 Τ.
379 4357 402 4405 t.
421 4355 453 4405 P.
475 4357 497 4405 1.
517 4368 544 4418 p.
562 4356 614 4405 665
632 4369 676 4406 ss.
694 4382 725 4392 -
745 4351 917 4408 rtmltros.
936 4358 978 4407 De
994 4358 1040 4414 dd.
1058 4358 1077 4406 1.
1099 4359 1127 4406 1.
1157 4371 1183 4407 ο.
1210 4359 1260 4407 11).
1279 4352 1350 4421 0pp'.

134 4448 168 4499 Τ.
186 4448 214 4497 2.
233 4457 259 4496 e.
278 4444 339 4496 dte.
356 4469 391 4480 -
409 4445 433 4493 Α
445 4457 542 4509 ugus
553 4444 617 4496 tiu.
636 4448 678 4496 De
697 4447 787 4506 Spmb.
806 4447 892 4496 Serm-
911 4448 948 4494 od
965 4446 1075 4497 Cutecd.
1094 4461 1119 4495 c.
1139 4448 1166 4495 9.
1185 4444 1253 4511 Opp.
1274 4445 1303 4496 T.
1323 4447 1349 4496 6.

138 4551 161 4589 c.
180 4533 241 4586 511.
263 4533 294 4586 0.
312 4533 373 4585 lllon
393 4532 508 4586 videtur
527 4539 620 4585 tamen
639 4533 780 4598 genuinus
805 4531 959 4599 Augustini
979 4533 1074 4585 foetus
1093 4546 1168 4584 esse.

174 4618 199 4692 3)
219 4623 400 4675 Bernard.
419 4628 460 4677 De
480 4627 559 4677 Coos.
575 4627 594 4676 ἱ.
610 4629 637 4676 5.
657 4638 682 4676 ο.
700 4628 728 4674 8.
747 4627 794 4677 18.
814 4624 884 4690 opp.
903 4638 929 4677 o.
948 4624 1007 4676 aaa.
