2926 5168
119 242 182 306 27⁰

120 400 175 455 est.
200 391 474 464 Quemadmodum
490 397 573 455 enim
592 414 636 455 ec
648 386 715 455 eruo
725 397 803 474 sace
814 393 904 455 multi
917 395 1008 472 ipnes
1023 394 1252 463 accenduntur,
1267 411 1319 454 uec

120 512 227 563 tamen
254 506 377 577 primae
391 502 498 579 sacis,
532 503 569 560 ob
591 501 705 578 piures
721 520 878 562 accensos
888 503 985 580 faces
993 546 1006 579 ,
1028 502 1088 562 lam
1106 503 1320 562 imminuitur:

119 611 166 666 sic
187 608 323 669 Verbum
339 627 381 667 ec
395 609 500 668 Patris
512 610 651 683 potentia
664 607 816 685 prodiens
823 650 836 686 ,
856 611 1029 684 penitorem
1047 607 1143 668 Verbi
1160 609 1323 680 eupertem

119 715 279 788 eumfacit
300 710 335 794 ¹).
357 709 417 774 Et:
438 711 513 773 Non
529 715 695 792 disipiruus
705 757 718 793 ,
742 732 759 771 o
783 711 923 786 Graeci,
945 732 1006 772 aec
1027 732 1134 790 napae
1149 709 1321 787 praedica-

119 838 211 896 mus,
233 819 359 880 Deum
381 818 455 878 aab
476 818 653 880 borninis
678 823 822 896 torma
850 823 985 880 natum
1014 822 1200 880 nrrntiautes
1223 814 1263 899 ²).
1288 851 1324 860 -

122 922 395 1005 Theophilus
416 922 625 1000 Antioch,
649 943 667 987 e
694 910 824 1010 Pagano
848 922 1075 995 Christianus,
1103 922 1137 986 in
1162 920 1328 1005 pontifica-

123 1030 185 1092 lem
212 1027 402 1093 Antiochiae
422 1029 542 1093 Sedem
574 1049 601 1092 a.
635 1035 704 1097 168.
737 1041 891 1101 evectus,
921 1028 955 1113 (†
977 1048 1003 1093 c.
1031 1028 1173 1114 a.1sc):
1197 1028 1330 1090 Habem

122 1138 214 1198 Deus
237 1157 331 1198 suum
351 1141 453 1215 ipsius
488 1139 658 1198 Verbum
688 1141 729 1198 in
748 1139 939 1217 propriis
960 1137 1205 1196 visceribus
1226 1133 1330 1193 insi·

123 1248 137 1302 t
144 1262 203 1302 um
210 1285 223 1320 ,
244 1247 357 1319 perimit
369 1243 451 1304 illud
471 1263 542 1304 cum
565 1262 628 1303 aua
647 1245 831 1320 Sapientia,
850 1244 1022 1320 proferens
1039 1251 1114 1302 ante
1127 1228 1244 1302 omniu.
1266 1236 1333 1296 Hoc

130 1349 232 1409 Verbo
243 1369 326 1410 usus
340 1359 390 1410 est
407 1347 595 1409 udndaistro
618 1365 747 1426 operum
760 1366 905 1423 sucrum,
929 1356 959 1407 et
969 1365 1029 1425 per
1040 1345 1125 1406 iilud
1139 1334 1246 1404 omnio
1260 1359 1330 1401 coa·

125 1456 212 1514 didit.
241 1455 380 1518 Vocatur
391 1457 601 1534 principium,
625 1472 661 1512 eo
679 1453 765 1533 quod
774 1455 985 1530 principatum
1002 1451 1117 1511 babeat
1133 1459 1166 1510 et
1185 1454 1333 1510 domina·

125 1565 191 1619 tum
208 1579 317 1620 eorum
335 1563 492 1638 omnium,
517 1578 599 1639 quae
624 1577 684 1636 per·
712 1561 816 1633 ipsum
838 1567 948 1617 creatu
964 1562 1046 1617 sunt.
1069 1559 1244 1632 Hicipitur
1266 1573 1335 1612 cum

125 1668 168 1724 sit
187 1667 375 1742 Spiritus
396 1665 471 1723 Dei
493 1669 524 1723 et
537 1664 729 1741 principium
749 1667 781 1722 et
798 1667 956 1740 supientia
982 1666 1012 1720 et
1030 1663 1134 1720 virtus
1154 1656 1335 1734 Attissimi,

127 1770 339 1830 descendebat
353 1773 388 1830 in
404 1773 592 1848 Prophetas,
615 1788 653 1828 ac
673 1787 731 1847 per
745 1787 799 1828 eos
814 1769 852 1828 de
864 1767 975 1827 mundi
990 1771 1148 1826 creatione
1173 1770 1205 1825 et
1228 1769 1334 1824 caete-

130 1880 177 1934 ris
195 1874 294 1934 rebus
307 1874 493 1955 loquebatur·
500 1895 514 1952 ‚·
535 1874 675 1933 noudum
689 1879 772 1934 enim
788 1884 884 1935 erant
895 1874 1084 1950 Prophetae,
1109 1890 1178 1931 cerm
1194 1876 1336 1930 muudus

130 1985 310 2052 crearetur,
333 1979 395 2040 sed
408 1985 530 2038 tantum
544 1976 712 2055 Sapientia
731 1979 812 2059 Dei,
837 1998 942 2060 quae
963 1988 1027 2039 est
1047 1980 1089 2037 in
1110 1995 1172 2055 eo,
1195 1994 1236 2035 ac
1251 1980 1338 2034 Saa-

129 2095 216 2145 ctum
238 2084 373 2145 Verbum
392 2086 480 2158 ejus,
509 2089 616 2164 quod
635 2085 669 2142 ei
690 2103 854 2160 semper
882 2083 1001 2143 adest
1021 2079 1058 2165 ³).
1082 2116 1121 2126 —
1139 2078 1264 2162 Atque:
1286 2079 1341 2138 Sci

129 2193 234 2267 imapo
253 2192 312 2250 Dei
329 2198 398 2267 est,
420 2188 498 2249 iuna
514 2190 659 2252 bominis.
681 2194 727 2250 Et
742 2188 1004 2269 quemadmodum
1019 2186 1071 2246 aot
1082 2186 1176 2263 tempe
1195 2187 1342 2263 praestat

40 2333 49 2349 κ
132 2296 228 2367 lerna,
247 2300 405 2373 potestate
421 2294 581 2370 etpboriu,
604 2296 650 2353 sic
667 2294 759 2354 Deus
775 2292 869 2371 bonpe
892 2297 1108 2371 praestantior
1133 2291 1339 2351 humanitate.

134 2401 178 2461 m
204 2404 467 2480 quemadmodum
494 2398 550 2459 sol
558 2398 673 2478 plenus
694 2417 819 2474 semper·
836 2403 964 2476 manet,
985 2398 1208 2477 necunquam
1221 2396 1339 2454 adnui-

133 2511 186 2564 tur
192 2548 204 2582 ‚
226 2507 273 2566 sic
288 2504 378 2564 Deus
394 2523 520 2582 semper
533 2506 698 2582 perfectus
715 2509 822 2563 munet
835 2523 872 2564 ac
885 2503 1001 2579 plenus
1015 2504 1101 2565 omni
1128 2505 1266 2568 virtute,
1288 2501 1341 2558 in·

134 2611 331 2686 tebtipeutiu,
353 2611 540 2687 sapientia,
563 2610 800 2668 immortalitate
818 2612 849 2667 et
865 2608 1007 2668 omnibus
1024 2610 1122 2667 bonis.
1144 2604 1247 2667 Luuu
1268 2619 1342 2662 uero

135 2715 273 2790 sinuatis
286 2716 449 2775 mensibus
462 2715 615 2774 minuitur
632 2720 664 2773 et
678 2713 904 2792 quodammodo
921 2714 1045 2783 interit,
1067 2711 1206 2771 bominis
1222 2706 1338 2769 simiti-

137 2805 275 2880 tudr'nem
304 2819 482 2880 ecbibeus:
506 2819 621 2878 deiude
642 2821 824 2879 renascitur
849 2825 881 2880 et
904 2820 1022 2878 crescit
1037 2819 1072 2876 in
1091 2813 1274 2892 ecemplum
1286 2813 1341 2889 fu·

137 2929 229 2984 turae
254 2925 508 2985 resurrectionis.
530 2922 683 2984 Similiter
706 2929 772 2982 tres
796 2925 843 2983 itti
872 2922 959 2994 dies,
982 2923 1039 3000 qui
1068 2925 1143 2981 aute
1167 2918 1343 2978 luminaria

131 3031 289 3107 fuerunt,
311 3033 415 3104 imapo
437 3036 514 3089 suat
538 3027 779 3100 Trinitatis,
810 3028 904 3098 Dei,
935 3028 1026 3100 ejus
1063 3026 1204 3100 Verbi,
1234 3024 1343 3099 ejus·

138 3153 212 3214 que
233 3136 501 3213 Sapientiae,
525 3139 659 3214 quartus
672 3152 746 3193 cero
760 3139 864 3208 imupo
879 3133 1032 3202 hominis,
1055 3130 1126 3191 luce
1149 3128 1323 3216 indipentis
1333 3166 1344 3200 ,

136 3245 173 3298 ut
200 3244 283 3299 sint
309 3239 441 3318 Deus,
483 3239 683 3309 Verbum,
716 3241 957 3316 Sapientia,
991 3235 1082 3296 bomo
1114 3233 1151 3317 ⁴).
1190 3269 1233 3278 —
1263 3228 1343 3290 Ire·

139 3337 286 3416 naeus,
309 3361 352 3405 ex
364 3341 444 3406 Asia
461 3340 578 3405 minori
600 3340 770 3413 oriundus,
792 3339 966 3424 Polycarpi
984 3337 1183 3422 discipulus,
1206 3333 1342 3415 Presby-

140 3459 190 3512 ter
211 3460 244 3512 et
255 3459 371 3533 postea
384 3447 521 3511 Praesul
539 3446 712 3513 Ecclesiae
735 3444 982 3533 Lugdunensis,
1006 3445 1039 3528 (τ
1062 3464 1089 3507 a.
1103 3441 1199 3524 eom:
1229 3440 1342 3503 Ecate-

139 3560 209 3627 siu,
232 3560 358 3616 tametsi
375 3576 435 3634 per
456 3559 642 3617 uniuersum
664 3555 769 3617 orbem
790 3573 891 3636 rosque
912 3562 957 3616 ad
976 3559 1136 3613 eatremos
1155 3552 1242 3630 pnes
1275 3556 1337 3607 ter·

140 3679 198 3720 rae
219 3661 384 3738 dispersa,
405 3660 498 3738 tidem
520 3679 590 3720 eam
611 3660 651 3719 ab
672 3657 832 3738 Apostotis
862 3678 1032 3740 eorumque
1052 3656 1223 3736 discipulis
1253 3669 1337 3712 acce·
1362 3677 1379 3696 ·

137 3770 242 3843 ptam,
265 3785 347 3845 quae
368 3771 419 3826 ert
437 3770 471 3825 in
491 3784 590 3824 riuum
611 3765 734 3837 Deum,
756 3765 888 3824 Patrem
920 3769 1179 3843 omnipotentem,
1203 3795 1243 3807 -
1264 3763 1294 3817 et
1310 3755 1379 3814 aa

146 3891 245 3933 unum
266 3873 408 3934 desum
432 3870 649 3934 Obrietum
671 3873 829 3933 Filium
850 3870 953 3948 Dei,
974 3874 1106 3928 nostrae
1126 3866 1244 3927 salutis
1264 3877 1379 3921 cou-

148 3998 187 4040 sa
209 3983 429 4061 incarnatum,
454 3984 486 4039 et
505 3984 540 4040 iu
561 3981 750 4057 Spiritum
778 3981 822 4053 S.‚
845 3978 900 4058 oui
926 3992 985 4055 per
1018 3976 1193 4052 Prophetas
1215 3969 1272 4029 Dei
1291 3964 1379 4027 uq-

146 4088 371 4165 spensationes
400 4091 431 4146 et
462 4086 614 4146 adventus
640 4085 854 4162 praedicavit,
887 4088 918 4142 et
943 4089 1046 4142 ortum
1071 4097 1116 4139 ec
1144 4076 1287 4157 Virpiae,
1304 4090 1379 4133 Ξ

147 4273 399 4298 -n--n———flq

61 4379 63 4383 ·
181 4360 203 4426 ¹)
223 4379 249 4415 a.
269 4367 296 4412 5.
315 4361 356 4413 lh.
376 4375 404 4427 p,
421 4358 469 4412 tat
490 4374 517 4416 s.

182 4447 206 4516 ²)
226 4469 251 4504 a·
271 4456 319 4504 21.
338 4466 364 4517 p.
382 4453 441 4502 278.
461 4451 503 4504 cf.
521 4466 549 4503 u.
567 4456 593 4504 7.
611 4466 638 4518 p.
656 4452 717 4505 26³.

181 4535 206 4601 ³)
227 4545 269 4592 aa
286 4545 373 4592 nacor.
393 4545 410 4595 r.
430 4545 458 4594 e.
476 4559 503 4594 a.
525 4545 576 4594 ιο.
593 4541 633 4594 lu.
653 4556 679 4607 p.
698 4543 748 4592 378
766 4555 791 4590 s.

179 4627 206 4693 ¹⁴)
225 4636 242 4681 1.
261 4634 289 4683 2.
308 4647 335 4682 u.
357 4633 404 4681 ta.
427 4644 453 4698 p.
471 4632 522 4683 38'4
539 4640 564 4683 s,
