2926 5168
93 367 317 430 Mteaiehueum
352 365 426 429 tiara·
460 363 624 429 XXXIII
653 362 695 449 ί),
725 361 819 428 Libri
851 366 891 428 II
916 368 955 429 tle
986 371 1067 429 actia
1093 387 1164 429 caen
1192 367 1301 431 Il'eliee

92 473 280 534 Manicheeo
293 478 333 547 ²),
350 473 415 532 ne
437 478 554 533 nutura
570 472 641 532 loni
658 471 727 533 ede.
744 473 952 533 Manicheam
976 477 1021 553 ³),
1046 471 1181 557 denique
1202 473 1301 536 Liber

93 583 202 638 contre
219 578 382 656 epistolem
398 578 570 638 Secundini
595 576 775 637 Manichaei
797 574 842 659 ⁴);
873 574 1023 640 Evodii
1051 577 1151 640 Liber
1174 579 1213 640 tle
1236 581 1301 658 fide

94 689 204 742 eontra
219 682 426 743 Manichacus
455 686 505 761 Ἣ
534 677 780 743 Zachariae
803 678 997 762 Mitylen.
1029 682 1210 762 Disputatio
1230 685 1299 744 ude.

93 787 298 848 Manichacus
314 788 366 869 Ἣ
386 784 409 849 J
417 804 436 849 o
447 804 505 848 an.
527 783 558 847 D
569 803 627 846 am
637 802 730 847 osce
740 783 946 864 niIIielopua
958 794 1068 849 contra
1082 788 1300 860 Manicheam,

92 888 294 954 recentiores
311 889 454 960 scilicet.
475 886 748 952 seuPaulicianos
766 897 810 963 ¹),
829 887 883 973 qui
900 908 1026 972 nempe,
1053 888 1217 955 subfinem
1230 911 1300 955 sae·

93 994 156 1059 culi
185 993 256 1058 vn.
277 994 400 1069 oborti,
422 1005 556 1079 propter
573 1013 705 1057 errores
722 1013 801 1058 suos
821 990 1023 1057 Manichaeis
1049 992 1163 1058 aflines
1187 1015 1300 1061 recen·

92 1097 197 1162 tiores
212 1097 397 1163 Manichaei
416 1099 514 1184 vulgo
541 1097 764 1181 adpellautnr3
794 1096 939 1160 Photii
981 1097 1139 1162 Adoneus
1162 1102 1301 1164 Paulia-

91 1208 213 1277 m'etaa‚
245 1224 304 1265 eeu
328 1208 520 1265 recentiores
540 1201 750 1264 Manichaeos
772 1204 845 1264 litu
861 1203 913 1264 IV
925 1201 953 1287 θ)
960 1225 974 1281 ,·
1011 1201 1134 1267 Petri
1157 1204 1299 1270 Sicuti

91 1312 237 1370 historie
258 1311 297 1370 tle
310 1329 394 1370 eene
420 1314 452 1369 et
469 1308 584 1368 stolida
610 1306 876 1369 Manichaeorum
897 1312 1024 1370 haeresi
1045 1314 1097 1392 ⁹);
1120 1320 1154 1373 et
1181 1310 1294 1375 Joan·
1387 1364 1391 1368 .

93 1411 233 1485 Ounie
244 1412 337 1475 nsis
367 1413 475 1474 Oratio
489 1418 601 1473 contro
617 1412 826 1474 Puellaianos
846 1413 898 1491 ¹⁰).

175 1516 449 1596 Quemadmodum
459 1514 691 1578 Gnosticorum
701 1526 734 1579 et
744 1513 1009 1581 Manichaeorum
1018 1514 1175 1582 haereses
1183 1518 1300 1602 exphi·

93 1621 241 1705 losophia
266 1618 414 1684 orientali
440 1618 644 1703 pullularunt,
661 1619 706 1684 ita
717 1639 760 1683 ex
770 1619 903 1684 sinistra
913 1616 1072 1684 Iudaismi
1088 1621 1300 1709 intelligentia

98 1723 180 1789 alius
189 1723 336 1789 funestus
347 1721 934 1799 error,Antitrinitariorumvidelicet
943 1736 1035 1788 ortus
1044 1726 1156 1790 estad
1164 1726 1296 1791 Antitri·

94 1828 232 1893 nitarios
267 1827 337 1891 sive
360 1825 526 1891 Unitarios
552 1827 731 1912 pertinent:
761 1827 928 1903 Praxeas,
958 1829 1103 1906 Neritus,
1137 1830 1299 1898 sabellius

93 1945 126 1998 et
143 1933 265 1998 Paulus
280 1934 530 2006 Samosatenue,
552 1953 651 2016 porro
671 1933 864 1997 Theodotus
881 1945 915 1997 et
930 1937 1097 1998 Artemon.
1108 1934 1172 2014 Qui
1187 1955 1300 1999 omnes

92 2038 123 2105 in
139 2059 179 2103 eo
198 2038 441 2114 conveniebant,
463 2050 509 2114 ut,
528 2040 653 2104 sublata
672 2039 813 2105 trinitate
830 2059 1043 2125 personarum
1055 2039 1088 2104 in
1106 2038 1212 2103 divina
1227 2039 1300 2102 sub·

92 2144 226 2219 stantia,
246 2143 374 2208 unicam
393 2154 515 2207 tantum
534 2163 710 2228 personam
722 2145 755 2209 in
772 2145 845 2209 Deo
861 2145 942 2221 dari,
966 2156 1173 2219 assererent3
1196 2143 1300 2230 quoad

93 2247 259 2314 Christum
275 2260 381 2313 autem
399 2268 418 2312 a
434 2247 620 2313 seinvicem
637 2249 865 2326 discedebant,
887 2249 933 2314 ito
947 2262 984 2314 ut
1013 2249 1065 2314 alii
1095 2261 1299 2323 statuerent,

93 2353 229 2417 eundem
242 2352 331 2416 illum
344 2373 441 2416 unum
455 2351 578 2427 Deum,
603 2353 656 2437 qui
672 2352 752 2417 alias
768 2366 804 2418 ut
818 2353 917 2418 Pater
933 2365 1108 2440 operatur,
1129 2353 1299 2418 humanam

92 2457 124 2521 in
140 2459 225 2522 Iesu
242 2455 375 2522 Christo
389 2467 535 2522 naturam
552 2456 613 2521 sibi
632 2459 839 2534 adsociasse,
861 2471 990 2534 natum,
1013 2479 1146 2544 possum
1163 2469 1196 2522 et
1215 2478 1300 2521 mor·

94 2574 181 2627 tuum
206 2582 304 2636 esse,
334 2561 420 2625 unde
454 2560 551 2626 etiam
578 2561 825 2648 Patripassiani,
862 2564 941 2629 alias
966 2562 1189 2628 Monarchiani
1224 2561 1301 2627 dicti

91 2679 184 2742 sunt,
207 2667 260 2731 alii
286 2687 366 2731 vero
391 2667 450 2730 sub
470 2665 552 2729 nitio
570 2677 603 2729 et
618 2666 743 2751 Spiritu
764 2668 955 2733 §.virtutes
975 2669 1139 2754 quasdam,
1157 2687 1201 2730 ex
1226 2666 1299 2730 Deo

90 2772 194 2837 Patre
213 2771 389 2857 profectas,
406 2770 640 2857 intelligerent,
663 2793 796 2858 quarum
813 2774 926 2849 altera,
943 2792 1016 2837 cum
1029 2773 1112 2838 Jesu
1132 2790 1223 2835 mero
1244 2768 1300 2834 ho·

91 2878 177 2942 mine
190 2877 314 2961 juncta,
333 2874 543 2940 redemtionis
557 2877 713 2959 mysteria
730 2891 865 2963 operata
879 2879 938 2953 sit,
961 2877 1063 2942 altera
1081 2896 1143 2940 nos
1158 2876 1300 2941 illustret

90 3001 131 3046 ac
149 2979 348 3056 sanctificet,
372 2978 424 3044 alii
439 2980 570 3044 tandem
587 2982 857 3066 blasphemarent,
898 2984 1014 3047 Iesum
1038 2979 1206 3046 Christum
1231 3001 1295 3044 me·

89 3107 166 3151 rum
193 3084 355 3149 hominem
389 3083 509 3160 luisse,
538 3096 680 3150 attamen
711 3087 947 3172 supernaturali
964 3086 1061 3152 modo
1088 3097 1298 3170 conceptum,

85 3192 196 3256 virum
210 3201 357 3254 sanctum
374 3209 413 3253 ac
429 3189 630 3273 sapientem,
653 3190 796 3276 ipsisque
821 3190 991 3277 Prophetis
1017 3188 1298 3274 praestantiorem.

82 3295 215 3362 Contra
237 3296 297 3359 hos
321 3313 453 3358 errores
488 3294 595 3378 plures
625 3295 812 3380 Scriptores
837 3294 1052 3362 ecclesiastici
1077 3302 1299 3357 surrexerunt,

10 3390 15 3398 ’
82 3403 275 3488 dogmaque
289 3398 488 3466 catholicum
505 3399 545 3462 de
563 3399 665 3463 tribus
684 3400 716 3465 in
736 3402 844 3466 divina
862 3399 1042 3466 substantia
1071 3397 1232 3483 personis,
1254 3407 1300 3461 at·

74 3504 209 3590 quade
227 3502 360 3567 Christo
380 3501 473 3575 Iesu,
499 3521 580 3568 vero
603 3502 668 3567 Dei
691 3502 792 3580 Filio,
821 3497 997 3592 etquidem
1022 3494 1087 3569 nen
1110 3515 1231 3569 tautum
1258 3521 1301 3564 ex

125 3785 150 3847 ¹)
168 3782 209 3838 lh.
226 3796 253 3837 e.
271 3784 415 3838 tea-aro.

122 3866 150 3935 ¹)
172 3870 214 3924 te.
231 3887 258 3925 c.
275 3872 422 3927 tto-⁶⁰⁰.

122 3957 148 4026 ³)
165 3960 209 4016 m.
225 3975 250 4012 e.
264 3962 410 4014 eoo-sas.
457 4014 459 4019 ,

122 4047 149 4115 ⁴)
166 4049 207 4102 lh.
224 4065 250 4105 e.
262 4052 408 4105 elo-ete.

123 4135 148 4201 ⁵)
166 4140 197 4191 lo
214 4140 378 4208 Augusti
390 4155 419 4194 u.
438 4141 507 4205 opp.
532 4135 566 4190 T.
583 4138 610 4188 8.
630 4135 757 4202 append.
777 4149 802 4187 e·
820 4138 931 4188 25-86.

123 4221 148 4290 ⁶)
165 4229 197 4279 ln
217 4228 330 4280 Galla
341 4243 358 4279 n
370 4228 396 4280 d.
414 4226 551 4280 Biblioth.
567 4226 625 4278 Pr.
637 4226 669 4278 Τ.
689 4226 729 4276 11.
746 4240 774 4293 p.
791 4227 853 4278 293.

124 4314 147 4383 ⁷)
165 4316 237 4385 opp.
256 4316 301 4368 ed.
319 4331 343 4368 c.
364 4317 397 4370 T.
416 4320 438 4368 t.
451 4331 477 4384 p.
494 4317 638 4369 hta—hot.

124 4399 196 4471 8)1ιι
214 4405 326 4459 Wolf.
345 4405 512 4458 Annecdott
533 4401 951 4472 graec.}1amb.1722-2l.T·
971 4404 994 4452 t.
1011 4416 1039 4468 p.
1058 4404 1070 4454 Ι
1093 4417 1137 4459 ss.

126 4492 149 4561 ⁹)
167 4496 199 4548 ln
219 4494 356 4548 Biblioth.
379 4508 452 4547 max.
471 4496 528 4551 PP.
545 4493 635 4562 bugd.
653 4494 686 4547 T.
707 4498 748 4549 td.
766 4510 793 4561 p.
810 4493 956 4547 tta-ioh.

125 4583 162 4651 10)
179 4585 250 4652 opp.
266 4583 316 4640 ed.
331 4584 359 4640 J.
371 4585 404 4638 B.
422 4584 577 4639 tucher.
589 4583 700 4639 Tenea
719 4585 795 4640 18³4.

1035 4665 1099 4738 μ
