2926 5168
228 233 291 299 212

126 383 128 386 ’
229 379 277 443 hit
292 379 534 466 Origenes:
557 376 687 440 Sctmnc
708 383 792 440 enim
815 378 898 440 iitnd
916 378 1100 456 „omnic“,
1121 384 1216 455 (esse
1242 378 1316 441 Deo
1337 377 1413 458 poni·

230 483 331 569 bilia),
358 504 424 546 non
457 487 620 561 complecti
642 503 700 558 eo,
731 502 814 562 pone
840 484 915 562 fieri
940 478 1043 562 pocoe'
1063 495 1222 562 repnonot
1244 496 1276 547 et
1296 486 1413 560 copitni

229 591 375 652 Dicimus
395 592 491 650 etiem
511 589 632 650 Deum
654 594 791 665 turpio
812 588 1197 669 nonpocce5o1iopui
1219 589 1312 651 Denc
1328 594 1415 669 pontt

229 715 295 757 non
316 715 389 756 eece
408 694 507 755 Deus.
529 700 610 755 Nom
631 697 661 755 ei
682 694 761 776 qnid
779 703 871 773 torpe
892 693 984 754 Dens
1000 695 1100 772 facit,
1121 693 1214 754 Bene
1234 712 1302 755 non
1321 700 1371 756 eet
1388 690 1412 774 ¹).

230 798 324 882 Quod
340 794 623 862 alihisimiiitudine
645 795 793 883 explieat.
808 790 954 859 Dicimus
975 806 1091 870 cotem,
1113 794 1224 879 inquit,
1235 816 1306 870 noc,
1323 817 1413 879 onen-

230 905 397 967 admodum
432 907 481 977 id,
503 905 598 983 cnjoce
633 908 742 966 notice
762 904 928 966 dulcedine
956 922 1012 964 ree
1032 903 1117 964 cine
1137 902 1343 981 ootccccom,
1362 903 1414 992 itin

229 1029 294 1070 non
319 1015 423 1089 potect
446 1027 577 1071 amorne
605 1012 736 1089 facere,
769 1009 855 1089 qnod
882 1013 994 1069 contro
1023 1027 1118 1069 enom
1144 1013 1298 1069 notorem
1333 1013 1415 1084 emet·

229 1132 332 1196 neque
352 1115 389 1175 id
404 1119 507 1194 poteet
527 1118 715 1187 obscurare,
738 1113 823 1194 qnod
840 1118 953 1174 notum
974 1120 1025 1173 eet
1052 1119 1096 1173 cd
1123 1112 1371 1192 ititoctrondocno5
1385 1115 1416 1172 ito

229 1238 308 1281 nec
329 1219 809 1299 Denminp‘notesocere
827 1217 1096 1297 pooce.Hcec
1117 1218 1229 1278 enim
1246 1222 1418 1296 potectoc

233 1325 325 1398 eine
353 1325 587 1385 divinitati
616 1327 843 1385 contrario
877 1327 960 1392 eet,
988 1327 1028 1382 et
1056 1320 1133 1382 iiii
1165 1323 1416 1399 omnipoten-

238 1431 348 1509 tiae,
368 1448 497 1509 onam
525 1437 573 1488 ut
601 1428 713 1489 Denc
733 1427 859 1488 natet
877 1431 917 1498 ²).
943 1460 979 1471 -
1002 1421 1213 1489 Basilius:
1236 1429 1282 1489 At
1301 1406 1417 1507 neqoe

237 1533 386 1595 maium
407 1553 428 1592 a
454 1532 537 1593 Deo
565 1537 814 1610 penerotnm
835 1551 937 1592 eece
966 1532 1206 1608 diceresne
1239 1537 1320 1610 eet,
1339 1550 1417 1612 pro-

228 1643 373 1717 pterea
394 1637 506 1719 qood
524 1636 690 1697 nntlnm
711 1638 976 1698 contrariom
997 1655 1017 1696 o
1038 1640 1265 1698 contrario
1284 1640 1419 1716 qipno·

232 1749 275 1805 tn
284 1763 312 1805 r.
342 1749 452 1824 Neque
468 1744 552 1803 enim
566 1747 634 1803 cito
651 1748 782 1804 mortem
794 1751 945 1821 peneret,
967 1759 1070 1821 neque
1086 1741 1237 1803 tenebrae
1252 1742 1337 1803 itacio
1344 1745 1421 1821 prin·

232 1850 348 1923 cipinm
368 1856 468 1926 cont,
489 1866 593 1927 neque
615 1847 745 1907 mortno
770 1850 883 1926 opiseoc
912 1852 962 1906 eet
988 1847 1135 1907 cumton.
1156 1849 1191 1928 ⁸).
1215 1844 1260 1894 ’-
1281 1842 1420 1930 Grego·

228 1955 324 2014 rius
345 1950 433 2032 Nys
446 1971 490 2016 e:
517 1950 598 2013 Ocno
627 1953 734 2012 omnio
763 1957 869 2012 cotem
892 1952 998 2030 poscit
1022 1950 1116 2011 Verbi
1137 1951 1269 2032 electio,
1293 1970 1367 2015 eom
1384 1948 1423 2010 ct

229 2056 348 2119 nihii
375 2061 475 2118 moto·
502 2056 661 2118 loedere
687 2057 1044 2134 propensionem.-
1071 2054 1129 2115 nd
1154 2058 1309 2119 citium
1329 2057 1419 2119 enin

227 2164 467 2242 propensio
489 2167 555 2222 eet
574 2161 718 2222 alieno
739 2182 760 2221 o
781 2161 924 2222 divino
942 2167 1108 2234 notura,
1130 2166 1203 2223 ced
1223 2162 1420 2245 quidquid

229 2273 301 2330 cot
320 2273 474 2348 tonum,
497 2270 573 2327 tooc
594 2268 726 2329 etiam
745 2266 865 2330 cette.
886 2265 1049 2327 Potentem
1065 2271 1171 2327 noctem
1196 2272 1328 2329 omnino
1344 2270 1419 2329 enm

152 2412 155 2419 .
226 2391 331 2451 posse.
348 2373 620 2436 Votentemootem
632 2390 697 2431 non
707 2389 779 2432 eece
788 2370 954 2447 eiusmodi,
967 2374 1070 2432 utnon
1079 2378 1241 2451 operette,
1249 2370 1314 2433 ced
1331 2388 1419 2434 omne

228 2479 328 2539 toni
346 2479 615 2558 propositum
638 2476 812 2537 deducit
831 2476 883 2535 nd
902 2477 1186 2555 operationem
1216 2474 1256 2561 ⁴).
1278 2514 1320 2526 -
1346 2474 1417 2540 Dio

228 2577 385 2663 nysius
413 2578 586 2661 Areop.:
619 2583 735 2640 Haec
765 2581 908 2657 itcpne
938 2585 1072 2642 omnio
1101 2583 1339 2661 (sanctitat
1363 2585 1415 2644 ic.

229 2687 276 2746 ci
298 2687 406 2748 omni
426 2684 588 2747 scetere
609 2683 769 2753 iibere,
792 2689 833 2743 et
851 2688 1015 2745 omnino
1033 2689 1249 2767 perfecta
1270 2697 1314 2751 et
1331 2684 1416 2750 omni

234 2811 283 2854 eo
301 2800 428 2871 parte
457 2788 729 2850 immaculato
747 2791 932 2867 peritos,
956 2793 1201 2866 dominatio,
1226 2798 1267 2855 et
1284 2793 1416 2862 deitas)

234 2900 279 2959 de
301 2896 538 2959 conscilio
568 2893 946 2956 transcendentoii
969 2900 1159 2958 obeototc
1183 2904 1414 2974 praedicnt·

229 3006 277 3065 do
297 3008 417 3077 cunt,
439 2999 783 3079 addendumque,
805 3003 941 3078 ipsam
970 3019 1065 3062 ecce
1092 3023 1224 3080 cupra
1253 3008 1414 3068 eminen-

230 3116 306 3173 tem
335 3111 625 3176 cunctitotem,
661 3111 755 3187 etque
783 3107 1049 3187 dominationem,
1079 3113 1112 3170 et
1135 3128 1273 3185 repnnm
1301 3113 1413 3171 ommno

231 3231 433 3293 supremum,
455 3211 785 3291 oimptmiocimomqoe
806 3210 955 3273 deitatem
976 3209 1012 3292 ⁶).
1044 3244 1081 3256 -
1113 3209 1411 3279 Tertullianus:

229 3319 372 3380 Bonnc
392 3323 550 3378 notnro
569 3316 691 3376 Deus
712 3315 838 3377 coloe.
866 3318 925 3388 Qui
946 3318 1030 3378 enim
1052 3318 1138 3399 qnod
1155 3323 1220 3390 cet,
1242 3322 1316 3383 cine
1344 3316 1411 3381 initt't
1455 3384 1457 3399 ¹

230 3424 341 3497 lactet,
362 3442 429 3485 non
449 3425 643 3484 tocntotnoc
663 3418 759 3482 natet
777 3419 871 3494 illud,
901 3422 963 3484 ced
985 3428 1104 3486 notura
1131 3430 1170 3498 ο).
1199 3459 1242 3473 -
1270 3420 1410 3488 Ambio
1455 3404 1457 3421 ¹

230 3529 337 3595 sius:
366 3529 581 3606 Proprium
603 3546 701 3605 erpo
719 3526 795 3587 Dei
816 3532 901 3607 eet,
923 3533 967 3589 ot
986 3529 1116 3590 bonne
1135 3526 1426 3615 citii-Auge.

231 3635 392 3700 siinus:
414 3633 543 3696 Aliud
567 3633 669 3694 dicit
697 3625 882 3704 (Catholica
913 3629 1092 3717 disciplina)
1123 3638 1291 3710 tonum,
1327 3629 1408 3716 quoi

230 3763 373 3805 tumme
401 3760 447 3801 oc
477 3758 547 3819 per
576 3756 622 3800 ce
644 3741 782 3799 bonum
810 3748 892 3811 eet,
924 3744 964 3800 et
992 3742 1405 3821 nonporticipeiiont

232 3910 493 3926 ..ιιι-*-

265 3992 291 4051 1)
311 3990 390 4041 Uont.
409 3989 480 4042 θεῖε.
501 3990 520 4039 t.
540 3988 570 4039 5.
588 4003 615 4039 n.
635 3989 684 4038 23.
705 3982 776 4051 Opp.
795 3982 828 4040 T.
847 3987 871 4036 1.
890 3999 917 4052 p,
936 3986 996 4042 595.
1015 3982 1047 4040 t.

263 4077 288 4142 ²)
307 4081 383 4131 Cont.
402 4081 473 4131 Cels.
492 4081 510 4131 l.
530 4081 560 4131 3.
578 4092 604 4128 n.
624 4080 672 4131 to,
690 4074 731 4128 lb.
750 4088 776 4141 p.
794 4074 1075 4135 1911111155.
1093 4080 1144 4134 24.
1167 4093 1194 4148 p·
1219 4076 1271 4133 526
1286 4093 1317 4147 jn.
1326 4070 1397 4131 scoot·
1455 4068 1457 4081 '

231 4172 261 4222 in
277 4171 367 4221 Ecod.
386 4172 422 4218 od
440 4170 490 4230 15,
508 4170 557 4219 25.
576 4162 610 4218 T.
628 4166 653 4218 2.
672 4179 700 4232 p.
720 4165 777 4217 121.
795 4165 830 4220 Ε.

262 4254 288 4323 ³)
305 4261 386 4312 Hono.
404 4262 433 4311 2.
451 4259 480 4310 in
497 4261 631 4310 Heoot'm.
649 4273 677 4311 n.
695 4260 724 4311 4.
744 4256 815 4323 Opp.
833 4255 865 4311 T.
887 4261 910 4312 1.
928 4273 954 4327 p.
973 4259 1013 4312 16.
1032 4256 1064 4313 C.

263 4344 289 4410 i)
309 4351 351 4401 Or.
370 4355 425 4400 cot.
443 4362 468 4399 e.
489 4346 516 4396 1.
534 4345 604 4412 Opp.
622 4347 654 4397 T.
673 4346 697 4397 3.
714 4360 741 4412 p.
758 4347 803 4400 16.

263 4431 287 4500 ⁵)
306 4441 347 4490 De
357 4440 413 4492 etio.
427 4451 498 4492 nono.
507 4440 589 4490 ott.
598 4438 627 4494 S.
635 4442 664 4490 ³.
675 4436 739 4489 coll.
747 4441 777 4498 t.
787 4440 815 4491 2.
825 4436 895 4505 Opp.
903 4433 934 4490 T.
945 4439 967 4492 1.
977 4454 1006 4507 p.
1014 4441 1073 4495 866.
1082 4433 1160 4517 Cim.
1169 4442 1199 4498 2.
1207 4440 1273 4513 Μ.
1289 4432 1356 4508 miii
1365 4436 1391 4478 ¹¹·
1450 4426 1457 4461 ’·

263 4520 288 4593 ⁶)
306 4532 374 4582 Adc.
392 4530 527 4582 Marcion.
545 4532 564 4584 t.
584 4531 620 4581 2.·
632 4541 658 4580 e.
679 4531 707 4581 6.
727 4528 797 4595 opp.
816 4526 896 4583 V.'2.
913 4544 939 4596 p.
960 4520 1017 4588 181.

264 4613 289 4687 ⁷)
307 4620 397 4681 soon.
416 4623 444 4703 tt·
463 4620 492 4681 in
507 4621 552 4681 t’o·
572 4622 642 4685 118.
658 4636 687 4680 n.
705 4622 756 4684 to.
775 4617 843 4689 opp·
863 4621 897 4681 T.
917 4622 942 4682 1.
960 4634 986 4680 o.
1005 4621 1083 4680 1⁰83.
