2926 5168
161 219 225 303 mu

160 409 279 453 nomen
295 397 470 473 propterea
487 405 506 449 a
522 383 671 450 fidelibus
689 385 858 451 invocetur
872 391 917 474 1);
939 409 1048 474 equo,
1069 389 1116 454 ut'i
1133 410 1152 454 a
1170 391 1244 457 Deo
1258 392 1369 477 Patre,

161 496 255 560 nohis
276 498 417 574 pratia
438 501 478 554 et
493 514 576 573 porc
597 493 766 580 contingat
786 500 825 569 2),
849 495 962 583 cuique
982 495 1151 561 tribuenda
1173 498 1218 562 eit
1233 502 1371 578 glorie

159 607 202 663 tn
222 601 399 663 caecula
419 600 686 662 saeculorum
708 607 746 678 ⁸).

243 704 335 782 Quae
357 702 463 766 omnia
485 702 614 766 totidem
637 716 713 768 eunt
734 716 798 769 tam
821 715 934 793 apertu
956 725 995 770 ac
1017 705 1176 771 luculenta
1191 705 1370 772 divinitatio

159 809 229 872 Filii
252 829 309 872 seu
332 809 415 872 Jesu
433 807 555 873 Christi
577 810 778 886 documenta,
800 823 836 874 ut
856 810 983 875 nonnisi
1003 813 1044 877 ab
1067 811 1120 895 iia,
1144 811 1197 898 qui
1219 812 1252 877 in
1275 813 1370 878 meri·

159 915 253 979 diana
275 914 347 978 luce
369 913 532 980 caecutire
555 916 685 992 malunt,
707 915 799 1000 rejici
822 929 947 1002 queant.

359 1074 385 1143 §.
407 1063 475 1136 13.
498 1070 526 1131 o.
549 1065 873 1153 Apostolorum
894 1066 1180 1149 universim,

240 1191 395 1257 Necnon
418 1191 566 1277 Apostoli
600 1194 706 1258 cuncti
727 1193 760 1258 in
781 1194 835 1258 illa
857 1196 1025 1269 oratione,
1057 1216 1118 1281 qua
1140 1207 1214 1261 ante
1237 1195 1369 1263 electio·

158 1319 230 1361 nem
249 1299 405 1363 Matthiae
432 1296 554 1363 Christi
576 1296 704 1362 Domini
727 1319 820 1380 opem
840 1299 1021 1385 implorant,
1043 1299 1146 1386 ipsius
1165 1300 1369 1365 divinitatem

157 1403 260 1488 palam
286 1403 447 1486 latentur,
479 1424 574 1488 quum
600 1404 706 1488 ajunt:
734 1407 782 1468 Tu
802 1407 990 1480 Domine,
1023 1411 1088 1489 qui
1108 1407 1236 1469 cordo
1256 1411 1370 1470 noeti

156 1515 347 1585 omnium,
369 1511 515 1583 ostende,
538 1530 632 1590 quem
652 1515 789 1588 eteqerte
811 1532 856 1573 ee
877 1511 928 1572 dia
950 1512 1071 1573 duodus
1092 1532 1212 1590 unum,
1235 1519 1294 1575 eto.
1316 1519 1367 1585 ¹),·

156 1634 228 1677 nam
246 1613 335 1677 illum
355 1635 417 1677 non
445 1623 565 1676 tantum
586 1613 759 1678 Dominum
786 1635 858 1679 cum
880 1614 1073 1680 excellentia
1100 1614 1282 1701 adpellant,
1305 1636 1366 1702 quo

154 1721 283 1785 nomine
303 1717 419 1784 Judaei
437 1718 562 1782 nonnisi
580 1719 735 1783 Jehovam
754 1719 910 1808 insignire
930 1731 1166 1785 consueverant
1185 1722 1233 1803 ⁵),
1256 1721 1317 1784 aed
1335 1733 1367 1784 et

155 1836 368 1891 scrutatorem
392 1823 537 1888 cordium
555 1844 629 1887 esse
648 1823 775 1900 dicunt,
799 1810 851 1911 {lui
874 1826 1051 1890 secundum
1070 1825 1132 1888 SS.
1148 1825 1295 1890 Litteras
1316 1848 1365 1890 oo·

155 1932 315 1995 lummodo
335 1928 509 1994 omniscius
527 1928 619 1992 Deus
637 1940 689 1992 est
707 1929 799 2015 11-
818 1929 952 2006 Deinde,
969 1942 1004 1995 ut
1021 1932 1166 1995 ,loannes
1183 1942 1218 1997 et
1234 1931 1362 2005 Paulus,

154 2036 248 2101 itaet
268 2034 381 2120 reliqui
398 2031 545 2118 discipuli
562 2032 692 2097 Domini
707 2033 834 2119 ubique,
856 2034 977 2097 desum
991 2033 1139 2099 Filium
1162 2034 1242 2099 Dei
1266 2056 1363 2100 aenou

155 2141 305 2205 eminenti
325 2161 399 2204 esse
421 2140 570 2213 tradunt,
595 2140 687 2213 adeo,
710 2150 746 2202 ut
766 2138 847 2203 fides
871 2140 960 2214 haec,
984 2141 1147 2204 Filium
1169 2141 1244 2203 Der·
1268 2161 1360 2203 ease

153 2248 183 2309 J
188 2269 205 2308 e
215 2268 260 2309 ru
270 2267 300 2310 m
317 2247 480 2309 Oltrr'rtu
488 2268 528 2320 m,
540 2244 687 2328 primum,
710 2255 744 2307 ut
757 2243 802 2309 ita
816 2243 971 2319 dicamne,
985 2243 1158 2313 Ecclesiae
1171 2245 1360 2329 Symbolum

153 2351 196 2414 sit
217 2360 263 2429 7);
287 2349 393 2436 quiin
415 2362 537 2414 terram
559 2353 789 2425 decureum,
813 2353 856 2412 de
878 2357 992 2413 coeto
1013 2349 1158 2425 venerit,
1180 2359 1216 2413 et
1235 2370 1361 2432 super

153 2477 285 2521 omnes
307 2454 360 2530 sit,
383 2466 418 2518 ut
440 2455 622 2518 Joarrnee
643 2452 683 2519 B.
707 2454 846 2540 loquitur
868 2463 915 2533 8),
949 2460 1207 2538 emittamque
1228 2457 1372 2519 Domi-

151 2584 244 2643 nus,
265 2572 301 2624 ut
322 2559 366 2624 ait
386 2561 532 2624 Petrus
555 2561 599 2645 9);
623 2573 717 2646 etque
741 2561 793 2646 qui
815 2558 949 2624 omnia
970 2558 1100 2635 sciat,
1133 2559 1390 2625 huminum·

152 2687 226 2753 que
249 2664 539 2752 cogitationes
569 2662 744 2728 videat
776 2673 826 2741 ¹⁰).
853 2664 958 2729 Porro
992 2685 1065 2729 eum
1092 2676 1288 2730 sanctum
1320 2683 1408 2729 ac

147 2773 304 2856 justum
333 2767 397 2832 κατ’
427 2766 526 2851 ἐξοχὴν
552 2782 671 2834 vocant
694 2779 748 2846 ¹¹),
772 2781 866 2857 atque
896 2778 1104 2833 auctorem
1124 2774 1238 2833 vitae
1260 2768 1353 2854 per}
1364 2763 1418 2829 ni·

151 2877 240 2949 hent,
271 2883 312 2939 ira
333 2897 407 2959 quo
436 2882 634 2955 oporteat
663 2897 736 2938 noe
762 2879 907 2938 solvor
934 2882 1046 2958 sieri
1073 2880 1138 2959 ¹²);
1168 2876 1222 2960 qui
1251 2875 1296 2939 ait
1332 2879 1432 2934 -it

150 2987 329 3047 deutera
355 2984 431 3044 Dei
459 2983 709 3060 deplutiene
736 2994 916 3056 mortem,
953 2990 998 3045 ut
1023 2986 1131 3044 vilae
1160 2985 1441 3043 aerem—rt

149 3090 358 3152 haeredes
389 3090 724 3168 efficeremur
760 3093 825 3164 ¹⁸),
862 3097 957 3171 atque
990 3091 1178 3151 constaretur
1212 3105 1232 3146 a
1265 3086 1453 3146 tta-et

148 3218 411 3234 μ

186 3279 210 3338 ¹)
227 3277 315 3331 ΗΘΜ.
337 3282 363 3340 2,
383 3280 425 3331 10.
446 3280 487 3330 ll.

181 3365 1298 3435 affimcnmmmamemmammawmmm,
1429 3349 1458 3403 ¹³

149 3458 213 3511 cat.
234 3462 257 3518 r,
275 3461 302 3513 3.
320 3460 346 3519 3,
366 3459 406 3510 ra.
423 3456 530 3521 uphei.
553 3457 576 3517 t,
595 3457 620 3507 2.
638 3457 664 3514 3,
681 3457 725 3506 23.
743 3454 817 3508 unit.
838 3458 862 3516 1,
879 3456 905 3507 2.
923 3457 956 3517 l,
974 3457 1018 3509 23.
1039 3453 1101 3506 cet.
1122 3454 1151 3517 1,
1169 3455 1195 3503 3.
1214 3455 1240 3504 ι.
1259 3451 1373 3503 ruff
1394 3451 1459 3497 nee

150 3552 173 3612 r,
195 3552 218 3601 t.
235 3551 261 3613 3,
279 3551 323 3600 ee.
341 3550 367 3599 2.
386 3547 489 3598 mess.
509 3549 534 3605 t,
551 3547 576 3596 2.
597 3549 619 3598 t.
634 3545 705 3598 rim.
726 3549 749 3600 r,
767 3547 792 3598 2.
812 3546 839 3610 a,
855 3547 898 3598 22.
916 3548 942 3596 2.
953 3544 1024 3596 rim.
1042 3546 1068 3604 l,
1088 3545 1130 3596 ra.
1148 3538 1237 3593 nete.
1258 3542 1299 3602 te,
1391 3569 1420 3593 .

169 3629 204 3703 ³)
223 3640 248 3689 2.
267 3636 338 3689 uim.
357 3637 381 3695 l,
402 3637 443 3688 ra.
462 3634 550 3686 trem.
571 3637 612 3694 33,
629 3637 672 3687 23.

180 3724 205 3789 ¹¹)
224 3729 289 3779 het.
311 3728 335 3789 1,
353 3727 430 3778 213.

180 3813 205 3879 ⁵)
224 3817 266 3867 01.
284 3819 354 3869 Luc.
373 3818 397 3880 1,
415 3815 458 3867 to.

179 3899 204 3968 ⁶)
224 3905 266 3956 Cf.
283 3906 347 3956 hut.
367 3907 408 3971 15,
426 3905 451 3957 8.

179 3993 203 4061 t)
222 3994 266 4048 cr.
283 3997 347 4046 aet.
366 3996 392 4056 e,
410 3995 519 4045 aa-ae.
540 3995 580 4054 ro,
599 3995 642 4043 er.
663 3995 685 4042 r.
703 3992 782 4044 reu.
800 3994 823 4053 ι,
844 3993 919 4041 e-e.

179 4079 205 4148 ⁸)
223 4087 309 4135 Joan.
327 4086 353 4144 3,
370 4086 414 4137 31.

178 4171 204 4236 ⁹)
223 4175 286 4226 Act.
308 4173 411 4234 1333.

179 4262 218 4327 ¹0)
237 4267 320 4316 roan.
341 4263 383 4323 ro,
399 4263 442 4313 ao.
459 4260 562 4313 Maon.
580 4263 605 4323 o,
623 4259 649 4313 n.
669 4258 711 4311 cs.
736 4258 838 4316 1223.
857 4257 946 4310 Marc.
966 4259 998 4317 2,
1016 4259 1041 4309 e.
1059 4257 1130 4309 nuc.
1146 4258 1184 4319 o,
1209 4257 1237 4309 e
1252 4256 1284 4315 3.
1403 4278 1409 4289 ·
1437 4235 1453 4286 ¹

145 4356 228 4406 Joan.
247 4356 273 4415 2,
290 4353 325 4403 21
343 4367 369 4404 e.
389 4353 430 4412 13,
451 4353 491 4403 11.
511 4355 534 4410 1,
552 4350 662 4402 tit-50.
682 4351 708 4407 h,
729 4349 838 4400 17-18.

179 4443 217 4509 ¹1)
234 4445 298 4495 net.
315 4443 341 4507 3,
361 4441 402 4494 ru.
420 4445 446 4504 7,
465 4443 508 4495 52.
527 4444 550 4492 t.
569 4440 645 4491 retr.
663 4440 691 4501 2,
706 4440 748 4489 22.
768 4440 792 4499 t,
813 4441 853 4491 ru.

181 4527 221 4597 ¹²)
239 4533 303 4585 dot.
321 4534 347 4595 l,
368 4534 409 4585 12.

179 4619 215 4688 t³)
235 4625 260 4681 1.
277 4624 357 4676 Pete.
374 4624 401 4686 3,
419 4622 462 4677 22.
