2926 5168
113 225 174 298 idi

109 385 215 438 stante
239 373 381 447 ratione,
403 391 502 435 nosse
530 372 683 435 dicendus
705 383 765 434 est.
790 402 829 419 ἡ
852 372 990 458 Insuper
1006 372 1039 436 id
1064 373 1171 458 ipsum
1189 374 1258 458 jam
1277 390 1318 434 ex

107 477 230 543 infinita
241 477 305 540 Dei
319 476 518 561 perfectione
539 475 721 564 colligitur,
743 487 855 560 utpote
873 490 955 562 quae
976 496 1048 542 cum
1064 476 1202 542 scientia
1210 509 1226 559 ,·
1244 494 1319 562 qno·

108 603 232 668 cunque
253 583 381 647 demum
398 583 494 647 modo
512 581 663 656 limitata,
686 580 836 665 componi
854 581 940 646 haud
958 590 1077 666 potest.

191 708 221 756 c.
245 687 382 751 Praeter
401 687 481 750 duas
495 686 566 751 illas
584 689 619 750 in
638 686 711 751 Deo
729 685 904 761 scientias,
927 706 1061 771 quarum
1076 687 1179 754 alters
1196 708 1255 754 res
1272 710 1322 754 so·

108 793 158 857 las
170 792 312 866 futuras,
336 791 437 854 altera
449 811 506 854 res
525 810 686 876 nunquam
705 791 831 855 iuturus
851 790 1158 876 propositas-habet,
1181 792 1323 860 mediam

110 898 268 983 quandam
289 895 436 981 plerique
466 894 631 983 Theologi
650 897 867 969 constituunt,
889 897 1043 963 videlicet
1069 899 1240 964 scientiam
1258 901 1321 963 ¹re·

108 1021 181 1067 rum
195 1000 460 1087 contingentium,
484 1022 580 1087 quae,
603 1004 752 1085 ponenda
764 1013 855 1066 certa
866 1001 1061 1078 conditione,
1084 1014 1160 1069 sunt
1180 1004 1321 1079 futurae,

111 1120 165 1173 aut
191 1108 316 1181 saltem,
340 1107 368 1170 si
391 1106 446 1171 illa
476 1107 617 1172 conditio
642 1121 835 1192 poneretur,
858 1119 968 1171 essent
986 1108 1156 1194 aliquando
1180 1109 1325 1186 futurae,

110 1212 241 1276 tametsi
263 1233 368 1298 neque
391 1213 532 1278 conditio
552 1212 641 1296 ipsa,
663 1233 779 1298 seque,
803 1213 889 1298 quod
911 1232 954 1276 ex
975 1233 1014 1278 ca
1036 1224 1088 1278 est
1108 1233 1325 1303 consequens,
1421 1256 1439 1277 .

111 1317 288 1382 ullomodo
306 1317 447 1382 futurum
467 1317 519 1380 sit.
542 1316 755 1404 Propugnant
773 1328 881 1381 autem
904 1317 1064 1406 Theologi
1093 1317 1126 1382 hi
1154 1317 1325 1386 scientiam

112 1423 403 1488 conditionate
426 1423 659 1486 futurorum
674 1422 946 1508 praecipueideo,
969 1422 1249 1510 quonismputant,
1267 1446 1325 1511 per
1436 1466 1450 1478 Α

116 1527 254 1591 eandem
287 1526 415 1592 nonnisi
432 1528 652 1611 phaenomena
680 1525 807 1615 gratiae
832 1527 1004 1611 explicari,
1019 1538 1115 1615 atque
1139 1529 1324 1596 libertatem

117 1631 242 1695 arbitrii
263 1653 337 1697 cum
360 1633 501 1697 decretis
530 1632 646 1696 divinis
676 1631 845 1696 conciliari
863 1652 981 1716 posse3
1003 1634 1175 1699 statuendo
1200 1652 1327 1721 trompe,
1442 1645 1459 1682 ²

117 1736 224 1800 Deum
251 1748 383 1821 praeter
412 1736 474 1800 alia
513 1736 656 1799 infinitae
684 1735 967 1819 suae‘sapientiae
986 1738 1122 1803 consilia
1145 1739 1245 1805 etlam
1279 1760 1328 1804 se-

119 1843 258 1905 cumdum
284 1842 470 1926 praevisam
510 1841 786 1925 cooperationem,
809 1841 887 1905 licet
915 1862 979 1905 non
1015 1853 1150 1928 propter
1172 1844 1328 1918 eandam,

118 1932 248 2036 gratias'
265 1968 343 2011 suas
360 1946 514 2013 efficaces
537 1948 736 2020 concedere,
758 1947 805 2011 ita
834 1958 869 2010 ut
892 1944 1029 2012 scientia
1060 1945 1186 2023 media,
1219 1925 1329 2012 dedre·

118 2062 226 2114 torum
246 2049 428 2115 divinorum
468 2070 532 2114 non
559 2051 602 2115 sit
639 2051 766 2138 quidem
801 2069 904 2114 causa
931 2049 1101 2135 impulsiva
1129 2063 1163 2116 et
1181 2051 1330 2117 determi-

120 2155 250 2229 nativa,
273 2166 414 2219 attamen
434 2154 599 2219 directiva.
1198 2150 1200 2155 ’

205 2259 550 2325 Scientiaemediae
569 2271 713 2344 systema
725 2258 849 2344 primus
858 2259 982 2323 Ludov.
1007 2258 1172 2325 lllolina
1192 2254 1226 2326 in
1248 2258 1329 2326 liltro

122 2365 172 2426 De
193 2371 364 2428 eoncordia
384 2368 475 2427 tttert
498 2369 623 2428 astitrii
642 2386 713 2427 curn
724 2369 830 2442 pratia
846 2361 933 2426 clare
950 2382 988 2428 ac
1004 2364 1103 2429 nitide
1121 2366 1252 2432 evolvit.
1269 2366 1333 2432 No·

119 2479 189 2532 tum
209 2482 278 2546 est,
302 2489 396 2555 quam
414 2469 555 2533 maxime
572 2469 736 2534 exarserit
759 2468 852 2532 selus
874 2479 907 2530 et
930 2469 1067 2533 studium
1084 2466 1332 2536 Thondstarum

119 2575 284 2638 adversus
306 2575 422 2638 librum
438 2574 596 2650 llllolinae,
620 2584 653 2637 et
671 2593 766 2659 quam
781 2572 866 2636 acris
887 2572 1059 2658 disputatio
1073 2575 1159 2639 inter
1193 2574 1333 2640 Domini·

126 2699 225 2743 canos
242 2691 274 2743 et
291 2679 438 2743 Jesuitas
454 2692 526 2742 orta
540 2679 591 2742 sit.
614 2678 716 2762 Cujus
735 2678 861 2764 quidem
893 2679 1093 2764 quaestionis
1121 2700 1224 2745 causa
1248 2681 1335 2745 habi·

125 2804 181 2866 tac
199 2795 274 2847 sunt
290 2785 438 2850 celebres
455 2785 730 2871 congregationes
756 2785 831 2848 illae
859 2784 899 2847 de
925 2784 1053 2849 auxiliis
1074 2784 1192 2849 divinis
1220 2787 1282 2850 sub
1301 2786 1336 2850 P.

123 2888 348 2954 Clemente
370 2888 458 2954 Vlll.
483 2899 516 2952 et
535 2889 649 2953 deinde
671 2888 807 2952 Paulo
827 2888 878 2964 V,
902 2889 954 2974 qni
964 2901 1072 2953 tamen
1092 2888 1337 2978 litigantespar-

126 3004 179 3058 tes
202 2993 341 3068 dimisit,
364 3014 403 3058 ac
421 2993 506 3057 intra
522 2993 698 3079 religiosae
717 2993 898 3056 modestiae
914 2993 996 3056 fines
1020 3013 1057 3056 se
1081 2992 1252 3059 continere
1270 2996 1339 3080 jus·

128 3098 189 3173 sit,
211 3098 296 3162 nullo
313 3118 332 3161 a
352 3100 387 3162 S.
409 3099 499 3162 Sede
519 3099 585 3162 lato
602 3098 634 3162 in
648 3119 719 3162 eam
734 3118 805 3161 rem
823 3097 1128 3183 definitivojudicio.
1151 3137 1191 3147 -
1214 3098 1340 3165 Verun-

128 3215 237 3268 tamen
254 3203 283 3267 si
295 3224 367 3267 rem
388 3203 458 3268 sine
474 3203 614 3288 partium
630 3203 736 3268 studio
755 3202 1022 3268 consideramus:
1045 3224 1109 3267 non
1133 3214 1246 3289 potest
1274 3205 1342 3292 qui·

130 3310 204 3373 dem
221 3309 353 3397 negari,
378 3309 673 3373 denominationem
688 3308 774 3372 illam
791 3307 946 3373 scientiae
961 3308 1085 3374 mediae
1105 3328 1225 3374 novam
1247 3328 1343 3385 esse,

130 3434 150 3478 a
168 3413 407 3479 recentioribus
424 3415 552 3478 demum
563 3413 746 3500 Theologis
764 3414 980 3500 excogitatam
991 3437 999 3485 ;
1022 3424 1074 3477 ast
1104 3432 1160 3478 res
1181 3412 1254 3498 ipsu
1275 3425 1346 3479 tum

132 3519 165 3583 in
188 3520 252 3587 SS,
275 3519 420 3592 Litteris,
443 3531 509 3583 tum
533 3540 552 3583 a
574 3519 638 3584 SS.
653 3517 806 3582 Patribus
829 3519 915 3584 clare
939 3520 1089 3596 docetur,
1111 3518 1238 3584 ratione
1259 3519 1349 3605 pari·

135 3635 187 3689 ter
209 3625 337 3690 omnino
360 3624 569 3689 assentiente.

129 3790 132 3797 .
218 3737 254 3807 α)
275 3729 331 3794 Ex
354 3730 415 3793 SS.
432 3728 629 3792 Litteris
652 3730 715 3794 huc
733 3728 874 3813 pertinet
888 3729 1028 3815 proditio
1047 3727 1257 3804 Ocilitarum,
1282 3728 1349 3794 De·

134 3833 202 3897 vidi
217 3845 308 3899 certo
329 3832 504 3898 aDomino
522 3834 722 3908 annuntiata,
745 3856 807 3920 qua
828 3835 873 3899 illi
895 3833 1070 3922 profugum
1097 3833 1259 3898 Davidem
1283 3845 1353 3900 tra·
1437 3818 1441 3825 ’

136 3936 312 4012 didisscnt,
336 3937 382 4013 si,
404 3937 476 4023 ipso
493 3937 605 4002 Cellae
622 3951 821 4013 remanente,
844 3940 964 4003 Saulus
976 3938 1051 4005 illuc
1068 3938 1299 4005 descendisset
1309 3942 1355 4026 ¹);

130 4059 237 4128 'porro
251 4040 433 4125 Tyriorum
448 4053 481 4106 et
498 4041 705 4107 Sidoniorum
725 4043 944 4129 poenitentia,
968 4043 1075 4110 lutura
1092 4065 1111 4109 a
1130 4040 1266 4115 christo
1286 4040 1358 4113 Do·

137 4145 226 4213 mino
240 4143 471 4232 pronunciata,
495 4145 524 4209 si
541 4148 624 4230 apud
642 4168 701 4210 eos
719 4149 847 4236 eadem,
870 4168 954 4234 quae
972 4148 1005 4214 in
1030 4147 1176 4214 Galilaea
1196 4130 1359 4234 portenta

131 4249 278 4336 ,lecisset
294 4249 477 4331 ²);.deinde
493 4251 586 4318 locus
600 4251 671 4329 ille,
692 4252 724 4316 in
745 4252 826 4320 libro
849 4252 1128 4341 Sapientiae,
1150 4253 1206 4320 ubi
1237 4257 1280 4323 de
1303 4258 1358 4347 ju·

132 4413 393 4447 ’.ιιι-ιω

177 4515 202 4576 1)
221 4515 324 4580 lalleg.
343 4519 385 4580 2³,
406 4514 446 4570 12.

179 4594 205 4671 ¹)
223 4602 311 4661 Mati.
332 4608 373 4671 tr,
391 4608 435 4662 21,
452 4606 494 4661 ct
513 4594 619 4662 uteri.
636 4598 663 4671 3,
681 4597 706 4660 d.
