2926 5168
120 201 168 277 il

211 348 317 426 Quum
339 347 444 411 divina
464 348 546 411 Jesn
566 346 690 417 Christi
711 358 826 410 natura
848 367 904 431 per
927 344 1141 421 definitionem
1162 345 1336 413 solennem

125 452 298 518 Ecclesiae
319 464 410 523 esset
438 452 596 517 stabilita:
618 451 772 527 scientia,
805 432 889 536 ,auae
909 450 1016 525 iullat,
1044 449 1199 529 charitate
1218 447 1335 529 aedili·

128 568 221 629 cante
245 557 417 630 destituta,
447 577 551 619 novos
582 557 621 620 de
653 557 722 641 ejus
743 546 939 629 humanitate
961 554 1161 642 excogitavit
1187 574 1335 618 errores.

125 661 385 748 Apollinaris
398 659 557 735 videlicet,
569 659 772 724 Laodicenae
784 658 953 724 Ecclesiae
964 659 1154 743 Presbyter,
1168 671 1201 723 et
1212 671 1336 743 postca

124 768 329 852 Episcopus,
354 764 512 848 duplicem
535 764 673 837 animam
691 783 763 828 cnm
784 762 978 839 Platonicis,
1008 764 1202 839 sentientem
1222 776 1259 833 et
1281 786 1335 827 ra·

125 870 278 949 tioualem
302 880 459 944 statuens,
483 868 615 933 Christo
637 869 723 932 illam
742 879 863 932 tantum
879 868 1081 952 adjudicavit,
1104 869 1198 952 hujus
1220 869 1335 933 locum

124 975 230 1077 ipsam
252 976 322 1069 ejus
346 974 543 1038 divinitatem
566 972 755 1045 obtinuisse,
778 973 994 1047 contendens,
1013 971 1106 1058 idque
1128 973 1222 1047 ideo,
1245 975 1335 1058 quod

126 1080 232 1157 anima
246 1079 413 1157 rationalis
431 1077 609 1152 mutationi,
633 1076 736 1140 errori
754 1089 786 1140 et
799 1089 934 1161 peccato
957 1078 1096 1147 obnoxia
1118 1077 1170 1153 sit,
1193 1090 1226 1142 et
1246 1081 1334 1163 quod

123 1183 288 1268 perlectus
310 1185 401 1248 Deus
424 1196 457 1247 et
478 1181 643 1269 pollecius
666 1182 761 1244 homo
789 1181 914 1245 unicam
936 1203 1108 1265 personam
1131 1183 1335 1248 constituere

124 1287 330 1371 nonpossint.
343 1288 437 1366 Quod
446 1287 710 1372 pariterNestp
721 1286 816 1361 rius,
834 1286 1023 1351 Patriarcha
1034 1287 1334 1372 Constantinopoli·

123 1403 229 1473 tanus,
251 1374 416 1485 prohavit3
433 1404 654 1457 verumtamen
677 1413 772 1477 quum
795 1390 986 1469 seutentiam
1009 1392 1163 1459 sustineri
1185 1414 1204 1455 a
1225 1391 1334 1456 Patri·

122 1496 183 1559 bus
207 1507 240 1558 et
261 1495 433 1570 Ecclesia,
466 1496 630 1561 Christum
651 1496 828 1581 perlectum
850 1495 954 1561 Deum
976 1507 1008 1558 et
1029 1495 1208 1580 perlectum
1231 1497 1335 1569 houn-

123 1620 197 1665 uem
220 1619 305 1672 esse,
329 1599 470 1677 videret:
494 1601 652 1684 duplicem
670 1600 701 1663 in
723 1599 794 1684 ipso
816 1621 999 1684 personam,
1021 1600 1154 1665 alteram
1177 1600 1335 1678 divinam,

124 1705 294 1783 humanam
304 1704 437 1779 alteram
451 1705 615 1781 assumsit,
637 1705 682 1783 ita
700 1716 735 1767 ut
749 1703 900 1768 Christus
916 1705 1016 1767 lesus
1037 1715 1072 1767 ut
1081 1705 1175 1768 homo
1199 1706 1334 1773 minime

122 1829 222 1871 verus
245 1828 283 1872 ac
304 1809 454 1893 proprius
484 1809 547 1872 Dei
568 1808 678 1882 Filius,
707 1828 811 1892 neque
832 1808 871 1872 B.
901 1808 939 1871 V.
969 1808 1074 1872 Maria
1101 1807 1252 1899 θεοτόκος
1280 1813 1333 1877 sit.

120 1914 224 2005 Quem
247 1933 394 1978 errorem
414 1924 449 1975 ut
471 1912 618 1987 evitaret,
641 1914 672 1974 in
696 1912 878 1996 oppositum
900 1913 1009 1995 lapsus
1032 1924 1083 1976 est
1105 1913 1334 1999 Eutyches,

119 2038 184 2095 nop
207 2027 330 2081 tantum
351 2037 446 2080 unam
469 2016 500 2078 in
525 2016 657 2081 Christo
678 2037 868 2101 personam,
901 2018 958 2079 sed
989 2028 1020 2080 et
1051 2039 1146 2091 unam
1169 2030 1334 2098 naturam,

121 2141 164 2185 ex
186 2119 352 2195 divinitate
374 2133 407 2184 et
428 2121 626 2197 humanitate
642 2119 819 2195 confusam,
838 2141 1054 2207 propugnans.
1066 2122 1121 2184 Ex
1139 2122 1200 2189 hac
1216 2126 1334 2197 Mono-

120 2224 321 2319 physitarnm
353 2223 482 2288 haeresi
506 2224 567 2288 alia
585 2225 879 2297 Monotheletarnm
901 2225 1071 2311 processit,
1096 2248 1177 2311 quae
1201 2242 1335 2294 senten-

120 2329 198 2393 tiam
220 2328 260 2391 de
282 2350 344 2392 una
374 2340 491 2392 tratura
519 2328 552 2390 in
576 2328 708 2400 Christo
738 2331 917 2392 damnatam
947 2328 1119 2393 defendere
1151 2352 1215 2405 nou
1240 2354 1335 2410 ausa,

121 2453 216 2513 unam
237 2432 353 2511 saltem
380 2430 412 2508 ln
443 2431 513 2516 ipso
544 2433 722 2497 naturalem
744 2434 940 2496 voluntatem
963 2445 995 2496 et
1024 2434 1248 2517 operationem
1271 2453 1338 2504 sta·

120 2537 240 2615 luebat,
272 2536 422 2615 Attamen
452 2535 549 2598 etiam
579 2547 692 2598 contra
721 2537 821 2601 hosce
842 2537 1025 2603 haereticos
1047 2541 1189 2624 genuina
1212 2543 1338 2609 doctri.

121 2662 162 2704 na
184 2640 304 2704 multos
326 2651 420 2703 nacta
454 2650 506 2702 est
528 2638 736 2710 defensores,
770 2639 822 2722 qui
845 2661 887 2703 ex
910 2640 970 2709 SS.
994 2641 1131 2713 Litteris
1155 2657 1188 2708 et
1211 2645 1337 2714 Tradi.

121 2745 229 2819 tione,
266 2765 326 2808 nec
356 2765 419 2807 non
451 2764 493 2805 ex
516 2742 723 2806 redemtionis
746 2743 943 2806 necessitate
965 2727 1166 2828 probarunt,
1191 2752 1338 2818 eundem

123 2849 287 2915 Christum
310 2868 422 2940 verum
444 2847 550 2911 Deum
574 2867 658 2921 esse,
681 2859 714 2910 et
735 2848 894 2911 hominem
916 2869 1046 2925 verum,
1078 2850 1123 2914 ita
1146 2865 1182 2930 ut
1202 2853 1237 2933 ip
1259 2856 1338 2941 ipso

122 2965 258 3039 utraque
280 2963 415 3025 natura,
447 2951 554 3014 diviua
577 2963 608 3014 et
629 2953 783 3024 humana,
816 2951 847 3014 in
877 2974 937 3015 nna
961 2955 1137 3040 eademque
1160 2959 1339 3042 hypostasi

123 3058 230 3123 divina
252 3057 425 3139 conjuncta
447 3055 499 3128 sit,
521 3053 657 3117 indivise
680 3065 712 3117 et
733 3055 1007 3138 inseparabiliter,
1030 3069 1081 3125 ast
1104 3057 1199 3130 simul
1222 3062 1339 3131 incon-

121 3163 193 3227 fuse
216 3182 254 3226 ac
276 3159 491 3244 impermixta,
515 3158 605 3220 salva
624 3158 789 3243 utriusque
808 3169 941 3223 naturae
961 3161 1172 3244 proprietate,
1195 3177 1231 3228 et
1248 3167 1339 3245 hinc,

123 3266 230 3331 divina
261 3276 294 3328 et
316 3264 452 3326 humana
474 3272 603 3335 natura,
635 3262 710 3325 licet
738 3265 882 3346 ejusdem
912 3284 1071 3347 personae
1095 3265 1236 3345 divinae,
1271 3271 1340 3337 Dei

122 3368 195 3433 Filii
217 3367 351 3437 scilicet,
374 3364 505 3448 propria
523 3364 574 3438 sit,
596 3365 772 3428 naturalem
796 3387 888 3428 stram
898 3364 1038 3448 βούλησιν
1059 3382 1094 3432 et
1115 3375 1262 3455 ἐνέργειαν
1284 3399 1339 3447 re-

122 3475 231 3538 tineat.
272 3470 393 3534 Contra
432 3467 678 3551 Apollinaristas
711 3467 910 3543 catholicam
941 3471 1113 3549 veritatem
1145 3476 1249 3555 tuitus
1284 3492 1340 3545 est

122 3573 390 3642 Athanasius
413 3572 444 3634 in
475 3575 621 3652 Epistola
652 3576 696 3632 acl
714 3575 892 3651 Epictetum
914 3583 961 3650 ¹),
985 3579 1018 3645 et
1047 3578 1139 3652 Lill.
1162 3583 1202 3651 ΙΙ
1220 3593 1339 3655 contra

123 3683 356 3762 Apollinarium
395 3676 446 3761 2),·
479 3675 733 3762 Gregorius
763 3677 861 3738 Naa.
899 3676 931 3739 in
965 3681 1102 3746 Duobus
1142 3694 1239 3752 oratt.
1275 3711 1338 3753 seu

123 3787 224 3865 Epist.
248 3785 292 3844 acl
313 3782 518 3844 Oalidoairoa
549 3784 777 3862 Presbyterum
798 3786 850 3860 ³];
882 3780 1125 3868 Gregorius
1147 3787 1271 3871 Nyss.
1305 3793 1338 3858 in

122 3889 340 3950 Antirrlietioo
359 3886 477 3947 Contra
493 3889 706 3965 Apollinarem
727 3888 766 3972 ⁴),
790 3898 823 3948 et
842 3887 945 3963 Epist.
965 3891 1008 3947 acl
1029 3891 1237 3968 Theophilum
1264 3903 1340 3963 ada.

123 3993 358 4072 Apollinarium
381 3997 431 4065 ⁵);
454 3990 565 4052 ioan.
589 3990 942 4074 chrysostomus,
973 3991 1025 4069 vel
1055 3992 1165 4076 potius
1188 3998 1340 4073 incertus

122 4135 373 4151 ffl-

160 4199 183 4259 ι)
203 4197 274 4264 opp.
290 4200 324 4250 Τ.
340 4198 365 4248 1.
377 4198 411 4247 Ρ.
426 4200 452 4248 a.
473 4211 500 4261 p.
515 4198 661 4247 ooo-ato.

158 4283 183 4349 η
203 4286 241 4338 n.
258 4302 284 4353 p.
305 4290 451 4339 noo-oss.

158 4369 182 4440 8)
202 4375 271 4443 opp.
286 4378 319 4429 u.
337 4379 361 4428 1.
377 4390 400 4426 o.
417 4377 563 4427 eoo-oso.

157 4461 183 4530 t)
203 4462 272 4532 0pp.
286 4467 352 4519 Par.
372 4467 445 4517 16³8.
462 4463 491 4514 Τ.
508 4464 533 4514 2.
551 4477 578 4529 p.
595 4465 628 4513 tu
644 4477 669 4515 s.

159 4545 182 4618 ⁵)
200 4551 241 4606 lh.
256 4555 289 4610 Τ.
307 4557 333 4610 3.
348 4570 376 4625 p.
392 4554 543 4612 tot-26⁰.
