2926 5168
1275 194 1338 266 217

135 384 218 428 non
248 368 448 427 mentitur
476 365 580 427 Beue
603 359 634 435 (d
657 357 790 442 ἀψευδὴς
809 357 896 446 θεὸς)
920 369 958 439 ¹).
979 359 1046 425 Et:
1069 338 1339 440 Impossibile

136 481 207 532 eet
234 471 404 532 mentiri
432 469 516 546 Deo
542 467 580 552 ι).
612 503 651 519 -
680 466 753 530 Huc
781 465 940 550 pertinent
969 486 1094 551 quoquo
1119 466 1190 530 loco
1216 465 1337 540 omnio,

135 592 217 658 quoe
240 570 499 658 adimpletionem
528 570 749 637 vaticiniorum
773 570 960 646 divinorum
988 570 1162 637 momoriae
1190 571 1339 655 produnt.

219 675 373 741 Fidelitae
395 687 502 742 nutem
524 676 586 742 Dei
608 675 745 741 traditur
773 687 902 760 praeter
933 677 1005 741 loca
1026 696 1104 741 mox
1124 697 1223 761 supra
1244 674 1341 741 attan

135 780 226 847 hisce
249 780 365 845 divinis
395 780 551 847 oraculis:
581 783 792 846 desiccatum
812 789 861 844 eet
882 786 1037 862 foenum,
1065 792 1098 845 et
1125 784 1240 844 cecidit
1255 784 1340 863 fleo:

134 893 313 950 verbum
332 894 437 949 cotem
453 888 784 951 Domininoetri
802 896 939 951 monet
958 891 997 949 in
1019 893 1235 949 aeternnm
1254 883 1340 968 ⁸).-

134 992 207 1069 Eyo
225 991 391 1063 Dominus,
408 1003 532 1054 etnon
552 992 960 1071 mutort).—1lidelic
980 999 1051 1059 eet.
1063 997 1118 1073 qni
1132 993 1255 1053 vocarit
1276 1010 1359 1063 ooo,

135 1099 208 1177 qui
229 1098 355 1157 etiam
369 1099 515 1175 societ
527 1095 720 1181 (praestabit
740 1095 913 1181 promisee)
929 1104 967 1172 ι].
981 1103 1066 1159 -Si
1085 1117 1150 1159 non
1171 1102 1340 1170 eredimus,
1444 1128 1450 1145 x

134 1200 463 1282 illesideiioeot,
479 1205 830 1282 nepareceipoum
850 1222 928 1263 oon
945 1208 1089 1277 potest
1109 1199 1196 1282 ⁸).-
1213 1201 1339 1263 Tenea·

134 1324 207 1365 mne
226 1308 295 1383 epei
311 1312 440 1368 nostroe
460 1311 693 1387 confessionem
709 1307 971 1378 indeclinabilem,
989 1306 1140 1379 fidelis
1160 1307 1244 1366 mim
1265 1311 1340 1383 eet,

138 1413 208 1491 qui
227 1414 475 1488 repromisit
496 1415 530 1487 ⁷).
560 1409 594 1472 ld
616 1408 721 1493 ipsum
746 1407 959 1493 jurisjurandi
979 1407 1133 1471 formula:
1171 1410 1248 1471 Viuo
1269 1429 1340 1488 eqo,

137 1533 201 1597 qua
221 1511 311 1577 Deus
338 1533 435 1596 caepe
456 1535 515 1576 sua
540 1513 623 1577 dicta
649 1512 834 1588 confirmat,
851 1514 920 1597 jam
938 1511 1108 1597 significet.
1129 1511 1235 1576 Utitur
1255 1511 1340 1576 enim

137 1638 175 1681 ea
191 1617 305 1690 Deus,
326 1616 442 1702 partim
461 1629 496 1681 ut
514 1617 691 1682 infirmitati
710 1629 843 1681 nostrae
861 1638 899 1681 se
915 1616 1149 1688 adcommodet,
1172 1616 1287 1700 partim
1307 1628 1343 1681 ιιι

136 1743 196 1784 nos
216 1722 256 1784 de
278 1722 437 1806 propositi
464 1722 515 1786 sui
542 1722 796 1788 immutabilitate
823 1722 983 1788 certiores
1011 1721 1154 1796 efficiet,
1187 1732 1219 1785 et
1238 1742 1340 1808 opem,

136 1824 349 1911 fiduciamque
366 1838 511 1891 noctram
530 1838 647 1913 augeat
668 1828 713 1911 ⁸);
735 1839 828 1912 atque
851 1847 969 1893 sensus
985 1828 1128 1912 ejusdem
1147 1836 1214 1890 est:
1238 1825 1340 1903 Quam

137 1940 228 1993 certo
255 1929 361 1995 existo
380 1951 458 2017 ogo,
490 1930 542 2016 qni
567 1952 626 2015 per
645 1951 717 2006 me,
745 1951 783 1996 oc
808 1931 996 1997 necessario
1019 1931 1148 2006 existo,
1171 1930 1341 2016 promissio

136 2034 218 2099 meis
240 2036 344 2100 stabo

260 2139 298 2211 Β.
320 2139 426 2213 Idem,
448 2140 480 2203 in
499 2140 644 2225 acceptis
669 2141 861 2206 revelationi
886 2140 1013 2205 divinae
1030 2141 1189 2215 referens,
1212 2160 1342 2225 semper

136 2246 239 2311 tenuit
258 2265 296 2309 ac
316 2245 424 2310 docuit
440 2245 652 2312 Ecclesia.
684 2246 780 2325 Quod
807 2246 887 2310 odeo
913 2257 1038 2310 certum
1063 2257 1131 2319 est,
1160 2257 1196 2319 ut
1215 2244 1343 2332 cingulo

137 2351 198 2414 SS.
218 2348 351 2414 Petrum
369 2360 424 2415 out
440 2349 573 2414 aliorum
592 2350 795 2417 'lraditionie
817 2350 943 2415 divinae
963 2351 1227 2415 documentorum
1252 2349 1342 2414 teeti·

135 2451 383 2528 moniaafferre,
403 2455 599 2538 superfluum
610 2459 680 2519 fore
696 2475 886 2520 censeamus
901 2457 937 2541 ⁹).
954 2455 1053 2540 quue
1070 2475 1109 2519 eo
1120 2454 1235 2541 magis,
1247 2474 1342 2538 qutun

262 2554 300 2626 C.
324 2579 449 2622 summa
466 2557 529 2622 Dei
545 2558 709 2624 veracitas
722 2581 762 2626 oc
781 2582 906 2625 summo
926 2562 995 2645 ejus
1015 2559 1097 2624 fides
1114 2561 1182 2642 jam
1205 2578 1248 2621 ex
1271 2557 1341 2641 ejus

135 2661 258 2728 infinito
285 2661 422 2727 ecientia
446 2682 484 2728 ac
505 2663 679 2748 sapientie,
701 2664 931 2750 omnipotentia
953 2676 1047 2750 etque
1066 2664 1211 2729 absoluta
1228 2659 1342 2727 sancti·

136 2779 205 2832 tate
231 2769 418 2832 necessario
440 2767 640 2833 conficiatur.
668 2768 753 2833 Nom
776 2771 805 2834 si
824 2769 915 2835 Deus
935 2783 1085 2854 tunquam
1103 2767 1279 2833 omniscium
1303 2786 1349 2841 oc,

135 2870 396 2958 sapientissimus
414 2891 527 2937 verum
543 2893 639 2957 quom
655 2873 900 2939 adcuratissime
922 2873 1115 2962 cognoecit,
1138 2884 1171 2938 et
1192 2884 1341 2958 tunquam

135 2975 359 3041 sanctissimus
383 2997 476 3062 quam
502 2976 644 3054 maxime
674 2998 788 3051 verum
817 2978 927 3044 dicere
957 2990 1063 3043 amat:
1096 2990 1186 3043 certo
1217 2998 1342 3063 quoque

134 3101 292 3166 nunquam
312 3102 375 3145 non
393 3081 455 3146 uisi
472 3102 587 3146 verum
602 3081 679 3146 dicit
694 3102 732 3148 oc
753 3083 944 3161 manifestet
965 3084 1100 3169 insuper
1115 3082 1187 3168 ipso
1209 3082 1282 3147 fons
1293 3101 1342 3157 ,uc

135 3186 325 3272 principium
345 3186 449 3250 omnis
471 3186 665 3274 cognitionis
683 3188 753 3253 veri
777 3189 809 3253 iu
832 3187 955 3254 naturis
977 3187 1098 3254 creetis
1125 3198 1196 3262 eet,
1217 3186 1263 3252 uti
1287 3187 1357 3251 col.

135 3292 228 3379 origo
250 3291 354 3356 omnis
374 3291 517 3376 lomini13
541 3304 573 3355 et
588 3291 662 3356 hinc
676 3291 747 3378 ipso
766 3295 913 3378 obsolute
929 3292 1051 3359 veritos
1066 3292 1110 3357 sit
1125 3312 1263 3358 necesse
1281 3303 1341 3356 est.

169 3509 356 3573 omne
588 3527 592 3533 ·
1066 3538 1067 3541 =

168 3591 192 3662 ¹)
210 3599 301 3651 Hebe.
319 3601 345 3664 6,
366 3600 408 3650 18.
427 3596 579 3652 0111ιο1.
597 3598 640 3662 31,
659 3602 686 3652 9.
704 3600 753 3652 Pe.
773 3601 831 3661 118.
848 3602 890 3653 89.
908 3602 951 3654 99.
970 3602 1029 3654 169.
1047 3601 1129 3653 Rom.
1150 3602 1191 3664 15,
1208 3603 1234 3654 8.
1251 3601 1340 3669 Apoc.

140 3688 177 3748 15,
193 3691 220 3742 3.
238 3690 282 3750 21,
299 3691 327 3739 5.
345 3689 389 3750 22,
407 3691 433 3739 d.
603 3686 606 3691 ’
1255 3682 1257 3689 ’

167 3768 354 3840 dmm&

170 3860 283 3926 111191.
301 3866 328 3928 9,
344 3866 370 3916 o.

170 3945 191 4015 ⁵)
210 3956 238 4008 1.
256 3952 359 4005 These.
377 3954 404 4015 ὅ,
421 3955 464 4014 2ι,

167 4033 188 4102 ⁶)
205 4045 234 4094 2.
256 4041 373 4104 Tim.2,
393 4045 435 4094 13.
540 4102 541 4105 ¹
1426 4069 1434 4105 ,’

167 4125 187 4195 ⁷)
205 4129 295 4182 Helm.
316 4133 357 4191 to,
375 4133 416 4182 23·
437 4130 481 4183 ct.
499 4133 526 4184 3.
543 4134 615 4198 Reg,
633 4133 658 4191 8,
676 4133 719 4186 56.
736 4133 786 4183 Ρι.
805 4134 856 4193 36,
874 4133 899 4184 6.
917 4136 967 4195 99,
985 4135 1010 4186 ὅ.
1028 4136 1095 4196 llll,
1112 4137 1156 4190 99.
1173 4138 1210 4189 lo·
1231 4142 1279 4201 19,
1297 4141 1340 4193 29.

129 4213 211 4273 Rom.
232 4223 259 4285 3,
277 4221 303 4272 3.
323 4224 346 4272 1.
366 4221 431 4274 Cor.
451 4225 476 4285 1,
494 4224 519 4275 9.

165 4303 191 4370 ⁸)
210 4310 303 4373 Rebi.
322 4313 348 4372 6,
368 4312 409 4361 18.

157 4393 188 4460 ⁹)
207 4400 250 4451 ct.
272 4401 392 4451 Herm.
417 4406 492 4452 Post.
518 4404 536 4451 1.
562 4406 591 4454 9.
621 4406 709 4453 naono.
736 4406 765 4453 3.
793 4401 956 4454 Gotclcr.
982 4403 1038 4455 ΡΡ.
1062 4411 1155 4470 apost.
1180 4408 1338 4460 Ametelod.

120 4478 206 4541 1729.
227 4488 262 4540 V.
284 4492 305 4538 t.
323 4503 350 4554 p.
367 4492 409 4542 86.
427 4516 460 4527 -
479 4490 626 4556 origen.
653 4494 751 4544 coron.
775 4494 804 4542 in
822 4494 890 4544 Gen.
908 4509 934 4545 ιι.
953 4498 983 4546 1.
1010 4493 1138 4561 Oppd'.
1155 4496 1182 4548 2.
1200 4511 1227 4562 p.
1246 4500 1286 4552 11.
1304 4501 1339 4552 1).

118 4587 154 4605 “
178 4578 448 4644 nugantium
466 4585 518 4634 cio.
536 4586 569 4633 D.
590 4584 608 4633 ι.
627 4584 675 4634 22.
694 4597 719 4632 c·
739 4579 876 4649 enopp.
894 4582 927 4636 u.
946 4586 973 4636 7.
992 4596 1017 4638 c.
1036 4584 1178 4641 comto
