2926 5168
130 211 194 280 25⁰

119 363 158 429 in
182 384 270 428 eum
300 365 471 440 eredat,
493 361 653 428 hahere
674 361 802 428 vitam
822 360 862 426 in
882 359 1057 427 nomine
1080 360 1174 448 ejus
1198 370 1250 449 ¹);
1284 359 1328 432 Fi-

121 468 219 535 lium
241 469 418 538 nonnisi
444 469 573 536 Deum
596 489 726 532 nosse
756 477 801 545 ²);
824 473 877 531 τοῦ
897 468 1000 554 Atyri
1024 488 1118 533 esse
1140 469 1330 538 mundum

121 573 342 658 proprium
363 574 411 660 3),
432 575 600 659 ipsumque
624 574 843 638 Dominum
865 573 1148 649 dominorum,
1170 573 1329 662 Regem

121 700 269 767 regum
304 681 350 765 ⁴),
380 679 449 767 qui
480 680 647 744 nullius
678 690 809 766 egeat
838 688 884 760 ὅ),
914 699 987 745 eum
1016 699 1091 743 esse
1113 690 1332 747 auctorem

121 784 245 859 vitae,
267 784 299 848 in
322 806 383 870 quo
415 789 502 848 vita
528 793 638 858 erat,
661 783 681 848 i.
704 804 731 848 a.
753 784 806 869 qui
844 784 915 849 sons
939 783 1023 849 vitae
1048 784 1169 850 eutium
1193 787 1335 854 omnium

120 887 282 956 finitorum
305 900 357 955 est
378 892 415 973 θ),
439 900 471 953 et
498 889 572 956 ideo
595 889 690 953 etiam
714 899 926 953 auctorem
949 890 1067 954 vitae
1098 909 1230 956 verae
1263 890 1334 977 spi·

121 994 298 1061 ritualia
329 1003 370 1076 ⁷),
403 1015 462 1059 seu
490 1015 565 1076 pro
597 993 796 1079 peccatis
836 994 1001 1059 nostris
1030 1006 1159 1083 atque
1191 996 1331 1066 totius

125 1099 266 1165 mundi
306 1097 664 1185 propitiationem
695 1097 735 1183 ⁸),
771 1098 974 1165 veritatis
1013 1099 1247 1168 doctorem
1291 1123 1332 1169 ae

123 1205 338 1294 originem
360 1203 405 1290 9),
429 1216 524 1289 atque
547 1203 736 1292 gratiae,
760 1225 822 1291 qua
847 1203 942 1270 timus
966 1203 1029 1270 uei
1051 1202 1126 1279 filii,
1147 1207 1332 1296 largito·

120 1332 205 1376 rem
229 1312 289 1400 ¹⁰J3
320 1331 418 1397 porro
450 1310 657 1375 Sanctum
689 1321 730 1373 et
758 1309 905 1375 Verum
927 1319 986 1385 11),
1018 1314 1072 1394 qui
1101 1319 1332 1394 estprinci-

119 1421 231 1496 pium
261 1416 572 1480 creaturaeDei
595 1413 652 1500 ¹²),
669 1416 802 1498 judex
823 1414 1037 1480 hominum
1059 1419 1117 1499 ¹³),
1139 1435 1180 1481 ac
1201 1417 1332 1483 vindi·

121 1533 194 1587 eat
244 1520 505 1608 sanguinem
552 1519 880 1587 interfectorum
929 1531 1109 1605 propter
1152 1523 1329 1591 verbum

120 1625 203 1695 Dei
226 1630 284 1706 ¹⁴),
307 1636 402 1711 atque
424 1624 553 1692 vitam
575 1636 817 1699 aeternam,
840 1647 922 1710 quae
945 1638 1018 1690 erat
1038 1633 1330 1711 apudl’atmnfft

121 1735 270 1813 adparuit
288 1736 384 1793 nobie
408 1729 465 1815 1ῡ);
487 1728 593 1796 visum
602 1735 652 1795 sie
674 1731 861 1816 loquentem
874 1728 1012 1797 inducit:
1034 1734 1121 1813 Eae
1137 1755 1224 1798 rum
1241 1739 1325 1816 pri·

121 1858 229 1919 mus,
252 1849 292 1900 et
313 1839 584 1915 novissimus,
606 1843 647 1899 et
664 1842 790 1912 vivus,
814 1841 915 1917 11Ῑαί
936 1848 1093 1910 mortuus,
1114 1846 1148 1900 et
1167 1861 1240 1903 ecoe
1260 1861 1326 1904 sum

120 1946 230 2005 vivens
249 1946 284 2003 in
304 1942 437 2002 saecuta
458 1941 656 2003 saeculorum
683 1941 745 2025 ¹⁶J,·
768 1951 801 2004 et
820 1940 956 2006 iterum:
986 1950 1072 2023 Eae
1093 1964 1183 2006 sum
1210 1965 1327 2008 reru·

120 2055 215 2109 tona
241 2066 384 2126 renes,
417 2055 458 2108 et
485 2047 632 2118 eorda,
663 2050 732 2129 qui
761 2047 883 2109 dabit
913 2051 1156 2129 uniruique
1187 2070 1327 2114 secun·

121 2153 210 2214 dum
231 2171 366 2231 opera
388 2170 464 2213 ruo
486 2148 549 2235 ¹⁷),·
572 2170 707 2236 eumque
730 2148 925 2214 omnibus
948 2151 1212 2217 adorandum
1235 2173 1326 2218 esse

122 2256 219 2320 doeet
230 2302 242 2336 ,
265 2266 377 2339 utpote
399 2275 518 2342 agnum
540 2255 756 2332 existentem,
778 2260 834 2339 qui
856 2261 1017 2334 rtiynur
1047 2265 1109 2320 est
1138 2263 1325 2339 arripere

121 2365 328 2434 virtutem,
352 2368 394 2425 et
412 2364 698 2437 divinitatem,
721 2367 762 2424 et
780 2366 1037 2443 sapientiam
1057 2371 1116 2426 etr.
1142 2361 1193 2446 ¹⁸).

316 2531 341 2611 ξ.
364 2525 426 2596 37.
451 2552 477 2611 γ.
500 2525 642 2597 Pauli.
668 2534 707 2610 tt.
734 2525 924 2616 Philipp.
946 2528 984 2603 2,
1008 2525 1139 2598 5-11.

209 2677 275 2740 Sed
298 2697 339 2740 ne
362 2676 434 2760 quis
456 2675 549 2740 nobis
572 2675 721 2763 objiciat,
743 2679 912 2751 ioannem,
935 2674 981 2740 uti
997 2677 1065 2761 jam
1087 2676 1237 2742 Julianus
1259 2677 1319 2743 oiim

124 2781 313 2847 criminatus
337 2793 407 2856 est,
429 2802 471 2844 ex
492 2781 604 2856 nimia,
630 2803 691 2866 qua
712 2782 743 2846 in
766 2783 961 2871 Magistrum
983 2782 1179 2859 ducebatur,
1202 2801 1317 2848 venera·

122 2885 208 2950 tione
232 2885 262 2952 ei
279 2883 477 2950 divinitatem
504 2885 711 2962 attribuisse,
742 2906 780 2950 ea
818 2907 943 2974 quoque
984 2907 1066 2975 quae
1098 2886 1262 2956 Paulus
1285 2886 1314 2952 de

157 3109 180 3167 ¹)
200 3106 281 3157 Joan.
299 3107 343 3167 20,
361 3106 405 3156 31.
424 3103 466 3156 Gt.
484 3106 512 3166 3,
535 3105 576 3156 16.

158 3199 183 3257 2)
203 3195 286 3247 toan.
307 3197 330 3254 1,
350 3196 392 3246 18.

156 3276 177 3352 ³)
196 3286 280 3336 toan.
301 3287 323 3345 t,
344 3285 386 3338 11.

155 3372 181 3440 t)
199 3376 289 3441 spot.
309 3375 351 3439 m,
371 3375 412 3426 11.
432 3375 474 3432 11,
494 3373 535 3423 11.

155 3457 180 3526 6)
197 3465 286 3528 Λροο.
305 3464 331 3523 3,
350 3465 375 3513 7.

154 3549 180 3616 ὁ)
199 3554 283 3605 toan.
304 3555 326 3615 1,
346 3553 372 3604 1.

157 3641 283 3704 7).10111.
303 3644 327 3701 1,
346 3641 371 3693 ft.
389 3643 416 3693 5.
435 3639 477 3692 01.
497 3641 538 3700 11,
555 3640 583 3691 6.
601 3642 626 3698 8,
650 3641 691 3692 12.

158 3726 226 3794 8)1.
245 3733 329 3781 toan.
346 3732 373 3794 1,
391 3731 418 3780 o.
437 3729 479 3779 cr.
498 3729 523 3790 1,
541 3731 568 3783 5.
587 3731 611 3788 1,
632 3731 671 3782 11.

154 3819 178 3879 ⁹)
200 3825 222 3873 1.
241 3823 326 3872 Joan.
345 3821 371 3881 5,
391 3820 419 3870 6.

157 3907 194 3972 ¹⁰)
215 3911 299 3965 toan.
321 3909 404 3970 1,11.
425 3906 466 3959 tt.
486 3907 529 3957 16.
550 3908 592 3959 17.

157 3999 192 4065 ¹¹)
210 3999 298 4067 Apoe.
314 4002 342 4061 3,
359 4000 385 4049 7.
405 3995 448 4050 61.
469 4000 510 4060 m,
530 3998 571 4049 11.
589 3999 613 4050 1.
631 3998 716 4050 toan.
734 4001 759 4057 2,
778 4000 804 4051 1.
821 3999 848 4058 a,
866 4000 891 4049 3.
908 3999 936 4049 t.
992 4027 995 4031 -

157 4088 194 4154 ¹²)
213 4091 302 4155 apoc.
319 4090 347 4139 a.
366 4087 407 4139 11.

159 4173 193 4242 ¹³)
210 4182 298 4248 upon
320 4181 343 4241 1,
363 4180 405 4230 11.
425 4175 467 4236 11,
485 4178 511 4230 1.
532 4176 573 4228 11.

157 4267 194 4333 ¹⁴)
212 4271 303 4336 Apoo.
321 4268 347 4332 6,
367 4270 408 4321 10.

160 4355 194 4421 ¹⁵)
213 4363 238 4412 1.
257 4358 341 4409 toan.
365 4360 389 4420 1,
408 4357 434 4408 2.

157 4443 191 4511 ¹⁶)
211 4450 299 4514 apoc.
320 4451 344 4508 1,
363 4449 406 4499 11.
426 4449 466 4497 11.
485 4445 528 4498 cr.
547 4445 589 4509 11,
607 4446 632 4500 o.
651 4444 695 4505 11,
716 4445 756 4495 11.
774 4444 801 4507 1,
821 4445 848 4496 s.

158 4537 192 4600 ²⁷)
210 4540 299 4603 rpoe.
316 4538 343 4597 1,
361 4537 403 4586 11.

159 4623 193 4693 ⁸⁸)
213 4629 303 4695 Apoo.
321 4630 346 4688 ὁ,
364 4628 381 4677 8
400 4640 440 4676 ss.
