2926 5168
1224 239 1289 308 22⁷

102 390 369 476 ippoliaturenim
388 387 508 474 ipsein
527 388 562 452 S.
585 388 757 473 Scriptura
778 389 893 451 Dour
928 395 1112 461 deorum,
1143 396 1180 451 et
1205 392 1285 455 Do·

102 505 214 561 rinus
236 499 534 559 dominantium
556 498 591 575 ¹),
615 497 815 558 Dominus
835 495 1008 557 soeculi
1028 497 1066 574 ²),
1089 499 1288 558 Dominus

102 592 414 687 or'igoxfflfflteu
434 598 661 683 moouuo⁴)‚
678 601 772 662 Bou
793 619 939 678 reyum
963 599 1002 685 ⁶),
1039 606 1130 663 Rea:
1151 621 1292 664 99999-

102 729 216 772 orum
230 709 281 792 θ),
299 707 424 771 coetum
436 716 544 770 autem
564 716 596 770 et
604 715 703 781 terra,
719 723 892 789 eorumque
904 703 1067 789 plenitudo
1088 715 1163 767 ount
1177 724 1220 769 ex
1237 705 1291 770 do·

102 812 187 878 trina
197 813 343 899 ejusdem
353 811 504 899 opusDei
514 809 819 899 ejusquepeeulium
830 813 869 896 ⁷).
880 810 986 897 Atque
997 810 1023 873 Ρ
1034 811 1155 874 aulus
1171 810 1292 875 diserte

102 918 213 984 eribit:
225 921 327 1003 neos,
338 926 392 1004 qui
398 921 648 1002 lavitmundum,
659 922 813 994 etomnio,
823 938 905 998 quoe
916 924 994 982 ineo
1004 926 1087 992 aunt,
1106 919 1149 980 1ιί
1156 938 1173 979 9
1186 922 1293 981 ooeli

105 1034 122 1088 t
141 1016 289 1090 terroe
310 1048 400 1089 oum
421 1033 480 1088 ott
498 1026 719 1098 Dominus,
743 1044 809 1087 non
830 1027 865 1086 in
885 1027 1082 1104 manufactis
1096 1024 1219 1105 templis
1236 1026 1293 1086 lta·

102 1137 179 1206 ilat,
211 1153 269 1195 neo
297 1136 444 1196 munitur
473 1118 636 1195 nomano
652 1131 781 1204 colitur,
803 1132 952 1208 indidem
980 1131 1107 1211 aliquo,
1130 1150 1202 1193 oum
1222 1133 1293 1210 ipae

102 1244 146 1298 et·
159 1243 304 1301 omninno
324 1243 441 1320 ritum,
465 1245 496 1300 et
514 1240 775 1317 inspirationm,
798 1247 828 1298 et
850 1237 956 1297 omnio
979 1233 1014 1318 8).
1044 1232 1089 1297 Et
1110 1255 1244 1298 rursus:
1266 1235 1292 1295 0

109 1364 216 1414 omo,
238 1351 281 1405 tu
303 1346 400 1425 quio
421 1362 482 1415 es,
507 1347 578 1423 qui
599 1343 863 1421 respondeas
883 1342 986 1404 Deo?
1011 1345 1216 1425 Numquid
1235 1344 1292 1404 ott-

106 1453 423 1528 ttfiymentum
456 1455 509 1520 ei,
540 1453 611 1528 oroi
641 1452 875 1528 refinxit:
910 1447 1022 1522 Ouid
1046 1466 1106 1508 nte
1129 1452 1294 1527 feriati

102 1553 171 1616 io?
193 1552 256 1615 An
278 1572 355 1614 nou
374 1555 502 1615 dotet
518 1560 780 1633 potestatem
797 1557 962 1634 fiouluo
983 1553 1060 1614 luti
1083 1574 1136 1616 eu
1155 1560 1295 1616 eadem

102 1678 226 1720 tarso
251 1660 400 1734 faeere
429 1660 555 1721 uliud
582 1661 745 1741 quidem
775 1678 851 1720 999
879 1661 922 1718 in
952 1658 1176 1738 honorem,
1207 1660 1299 1721 aliud

102 1785 186 1826 ero
207 1767 250 1824 tn
272 1770 393 1825 contu
406 1768 486 1827 noel
495 1770 574 1825 tom
596 1762 647 1847 ⁹).⁹
669 1763 794 1827 Sensus
812 1773 885 1837 est,
917 1759 990 1825 Deo
1020 1761 1294 1846 perfectissimum

102 1891 129 1933 ,9
158 1886 197 1931 ae
221 1866 393 1931 dominium
417 1867 449 1930 in
474 1867 640 1941 nominee,
664 1869 779 1933 etideo
799 1867 895 1931 etiam
908 1866 941 1930 in
953 1887 1008 1930 res
1020 1878 1169 1932 caeteras
1181 1889 1294 1932 omnes

102 1984 290 2056 impetere;
312 1994 408 2058 quum
426 1972 532 2037 omnia
549 1974 588 2036 ab
607 1973 679 2058 ipso
696 1995 739 2037 ex
754 1973 850 2037 nihilo
866 1973 952 2037 iacta
965 1971 1046 2046 sint,
1069 1973 1114 2037 ita
1127 1986 1162 2037 ut
1176 1974 1294 2038 nullum

102 2077 209 2141 eistat
230 2097 312 2152 ens,
336 2077 387 2142 cui
408 2077 567 2142 rationem
590 2078 728 2141 reddere
765 2088 931 2153 teneatur,
954 2097 1012 2142 cur
1029 2078 1090 2142 has
1115 2078 1222 2164 potius
1240 2099 1295 2142 res

102 2181 294 2258 ·oduxerit,
318 2199 412 2267 quam
428 2182 525 2255 alias,
548 2194 644 2268 atque
670 2182 834 2246 liberrima
857 2183 927 2266 ejus
951 2184 1116 2249 voluntate
1142 2185 1296 2249 eonstitu-

102 2309 149 2351 m
172 2307 248 2350 esse
266 2287 351 2352 huno
369 2307 479 2351 rerum
496 2288 660 2364 ordinem,
682 2287 728 2351 ita
745 2298 780 2350 ut
795 2285 915 2351 nemini
928 2287 1092 2376 integrum
1112 2288 1174 2364 sit,
1198 2289 1294 2353 alium

102 2392 211 2466 ttius,
234 2413 329 2478 quam
350 2392 434 2457 huno
452 2393 632 2479 requirere.

215 2497 254 2562 B.
276 2497 322 2562 Et
336 2518 413 2562 sane
429 2497 501 2583 quis
523 2498 687 2586 denegare
704 2509 759 2562 aut
785 2518 849 2562 non
875 2520 1056 2587 agnoscere
1075 2512 1189 2587 posset
1211 2521 1295 2567 sum·

103 2625 173 2671 am
189 2601 254 2667 Dei
268 2605 497 2688 majestatem?
520 2624 615 2689 quum
630 2604 702 2689 ipse
717 2603 761 2667 sit
776 2603 1051 2689 perfectissimus,
1072 2605 1295 2681 immutabilis,

102 2722 259 2781 eternus,
292 2706 486 2783 immensus,
527 2708 723 2782 omniscius,
762 2709 1035 2795 sapientissimus,
1073 2711 1294 2796 omnipotens,

102 2811 342 2900 urigoissimus
360 2813 652 2889 aesonetissimus;
669 2826 702 2878 et
711 2835 806 2900 quum
816 2815 957 2879 cumhac
966 2814 1295 2903 infinitaperiectione

102 2941 151 2984 us
176 2916 300 2982 infinita
319 2939 444 3004 quoque
459 2917 599 3006 dignitas
613 2939 672 2982 seu
682 2920 836 3004 majestas
853 2919 1042 2985 necessario
1060 2921 1294 3005 conjunctam,

102 3022 1293 3110 tmwfflwfflwmwmmmwfflwdfflwmmo

102 3142 127 3196 tt
155 3148 347 3212 supremum
365 3127 429 3192 Dei
446 3127 477 3191 in
492 3149 547 3192 res
564 3127 738 3193 dominium
755 3127 839 3192 haud
861 3129 1055 3194 admittere?
1078 3151 1174 3214 quum
1188 3131 1295 3201 Deus,

102 3256 176 3323 que
195 3232 286 3297 solus
307 3254 345 3298 ao
368 3233 483 3298 urricus
505 3234 548 3298 oit
578 3233 806 3310 necessarius,
839 3253 951 3297 ornnes
977 3246 1084 3298 autern
1113 3257 1169 3299 res
1196 3235 1295 3310 aliae,

102 3357 295 3423 taeennque
319 3349 417 3402 extra
443 3339 548 3403 Deum
574 3338 736 3415 existunt,
760 3337 987 3426 contingentes
1015 3346 1095 3414 sint,
1121 3362 1200 3425 quae
1220 3360 1296 3404 non·

102 3445 140 3509 si
175 3443 247 3526 ejus
270 3442 434 3507 voluntate
463 3444 624 3518 existunt,
646 3443 774 3508 normisi
796 3445 865 3528 ejus
893 3443 979 3509 vitae
996 3444 1239 3529 participatione
1251 3443 1295 3507 vi·

102 3542 1296 3637 mfflmmfflwmmwmmmmmwmmoemo

102 3669 186 3722 tam
199 3663 393 3736 potestatem
411 3656 451 3719 de
469 3655 509 3719 iis
528 3653 718 3740 disponendi
733 3652 922 3720 necessario
937 3653 1104 3739 possideat
1119 3674 1158 3718 ao
1168 3653 1294 3718 habeat.

103 3920 138 3984 ¹)
160 3918 254 3970 Dent.
273 3918 315 3981 to,
334 3918 375 3968 tt.

102 4000 138 4076 Ι)
160 4007 234 4072 Sap.
254 4006 295 4068 ta,
313 4007 339 4057 9.

102 4091 136 4163 ³)
158 4094 234 4148 rot.
253 4098 293 4157 ta,
313 4097 354 4147 to.
371 4090 441 4146 tuat.
461 4095 485 4155 1,
503 4096 531 4146 o.

102 4181 139 4256 4)
158 4187 212 4239 Po.
231 4186 275 4246 ot,
291 4187 316 4236 a.
335 4184 439 4237 Mattt.
457 4185 484 4243 5,
501 4185 544 4234 aa.

102 4270 139 4342 ⁵)
159 4280 192 4330 a.
208 4272 339 4328 tractat.
360 4277 401 4337 ta,
419 4275 445 4325 t.
465 4276 488 4327 t.
506 4270 577 4324 tun.
595 4274 621 4337 o,
642 4275 684 4326 15.
710 4273 797 4339 upon.
818 4274 857 4333 to,
877 4275 919 4326 to.

102 4358 138 4430 ⁵)
160 4363 234 4418 rot.
254 4367 296 4426 1³,
314 4366 340 4418 o.
360 4368 383 4417 t.
401 4362 476 4416 uim.
497 4366 519 4422 t,
538 4363 580 4417 17.
601 4362 644 4418 cf,
662 4363 711 4415 rs.
728 4365 771 4422 oo,
790 4364 816 4416 7.

102 4446 139 4519 'J
159 4458 227 4509 net.
247 4457 289 4517 ιτ,
306 4456 417 4510 24—25.

102 4537 146 4607 Β)
165 4548 251 4600 nom.
268 4549 295 4608 9,
313 4547 422 4598 ao-et.

102 4630 145 4702 ⁹)
165 4637 250 4694 nom.
267 4639 295 4699 9,
312 4636 423 4688 ao-at.
