2926 5168
110 219 171 285 1⁷4

191 369 220 432 h.
242 369 410 442 Docetur,
434 367 539 429 Deum
566 364 672 430 omnia
697 365 937 449 sapientissime
964 368 1195 446 constituisse,
1227 383 1315 457 atque

107 473 276 556 praeclara
294 473 390 558 hujus
417 469 593 555 sapientiae
612 470 804 535 documenta
827 470 859 534 in
881 472 1035 556 operibus
1057 473 1177 538 divinis
1198 476 1317 559 conspi-

107 597 167 641 cua
190 576 387 645 adferuntur.
420 575 477 639 Sic
505 573 704 638 Psalmi
722 586 820 650 sta,
856 595 928 639 eum
962 577 1053 641 varia
1078 598 1181 663 opera
1215 581 1316 646 divina

107 693 202 766 atque
241 682 389 749 ordinem
422 683 454 747 in
492 682 532 746 iis
572 677 822 763 adspectahilam
858 680 1109 765 descripsisset,
1143 685 1316 751 exclamet:

111 787 215 862 Quam
236 794 439 870 magnificata
456 795 531 851 sunt
548 807 644 868 opera
659 793 724 859 tua,
746 787 892 848 Domine.
915 787 1060 850 Omnia
1088 793 1133 850 in
1155 795 1317 869 sapien·

107 896 344 968 tiafaciati
375 895 412 979 ¹).
443 894 489 958 llt
520 890 731 975 Sapiens:
763 890 904 970 Attinpit
933 895 1109 972 (sapientia
1140 898 1271 975 dicinnj
1300 917 1317 957 a

103 999 170 1075 fine
190 1017 293 1079 nsque
321 1007 366 1062 ad
383 1002 481 1080 finem
512 1001 664 1079 fortiter,
695 1007 726 1059 et
753 997 944 1074 disponit
971 1003 1107 1060 omnia
1129 1005 1318 1063 suacitcr

107 1096 290 1184 (optimae)
313 1111 355 1179 ²).
386 1102 477 1167 Unde
508 1111 541 1166 et
567 1101 755 1183 Moyses,
786 1098 935 1183 exposita
964 1098 1101 1166 historia
1134 1103 1316 1179 mentionis

107 1203 223 1279 Deum,
246 1226 346 1290 opera
369 1206 460 1292 quasi
483 1207 694 1279 lustrantem,
725 1203 774 1269 sie
801 1205 985 1289 loquentem
1007 1205 1149 1270 inducit:
1177 1209 1318 1293 l'iditqne

107 1309 198 1371 Deua
218 1319 343 1384 cuncta,
365 1317 599 1394 praefecerat,
621 1318 654 1374 et
670 1317 798 1373 erant
817 1311 943 1373 ratde
963 1312 1087 1384 dona,
1109 1309 1132 1378 i.
1153 1331 1183 1380 e.
1206 1312 1316 1379 finibus

108 1410 176 1474 suis
194 1415 500 1480 convenientissime
520 1413 676 1499 disposita
694 1413 732 1493 ³).
755 1412 936 1497 Praecipue
955 1425 1063 1478 autem
1078 1414 1111 1478 in
1134 1415 1223 1482 Pro
1235 1439 1317 1483 var·

107 1516 192 1581 lriis
218 1519 289 1584 leus
312 1519 439 1585 divinae
464 1519 640 1605 sapientiae
662 1518 882 1604 praedicatur,
913 1519 966 1584 ubi
986 1519 1072 1584 inter
1098 1519 1162 1584 alia
1184 1522 1315 1610 legitur:

106 1625 306 1690 Dominae
328 1630 545 1706 sapientia
563 1627 764 1707 fundavit
784 1637 953 1699 terram,
984 1627 1212 1692 stabilivit
1234 1650 1314 1693 coa·

106 1729 173 1790 tos
190 1738 436 1809 prudentia.
457 1735 674 1813 Sapientia
695 1733 820 1794 iltius
851 1735 1085 1813 eruperunt
1105 1737 1264 1813 abussi,
1284 1740 1316 1797 et

106 1835 235 1897 nuder
256 1857 355 1900 rore
380 1841 656 1901 concrescunt
675 1839 720 1917 ⁴).
744 1835 870 1898 Sensus
889 1845 958 1898 est:
981 1832 1135 1898 universa
1158 1838 1312 1922 sapienter

108 1936 286 2002 constituta
312 1951 396 2004 sunt.
410 1941 557 2005 Eandem
572 1938 764 2005 sententiam
780 1937 926 2023 pluribus
949 1937 1085 2002 inferius
1113 1942 1310 2028 prosequitur

108 2052 141 2105 et
161 2054 300 2107 exornat
326 2065 422 2110 sacer
442 2043 609 2129 scriptor,
639 2043 692 2108 uhi
719 2041 911 2130 sapientiam
933 2041 1026 2130 lingit
1052 2062 1114 2107 ceu
1137 2065 1309 2130 per-sonan,

108 2166 190 2230 quae
211 2167 322 2214 comes
343 2161 376 2214 et
396 2149 538 2235 adjutrix
552 2147 650 2213 luerit
666 2149 739 2212 Deo
754 2148 788 2212 in
807 2148 974 2213 condendo
999 2148 1133 2230 mundo,
1155 2150 1307 2215 scribens:

106 2256 263 2317 Daninns
278 2258 424 2336 possedit
438 2278 488 2319 me
506 2262 540 2318 tn
554 2258 642 2318 initia
654 2258 779 2318 marum
795 2275 938 2329 suarmn,
960 2265 1133 2337 antequam
1148 2258 1307 2339 prddpuna

101 2363 230 2438 faceret
245 2383 265 2422 a
278 2366 445 2444 principio.
467 2363 516 2424 Aa
530 2368 660 2424 aeterno
680 2361 828 2422 ordinata
846 2379 929 2440 sum,
951 2366 984 2422 et
1001 2379 1047 2422 en
1063 2363 1210 2443 antiquis
1229 2372 1305 2424 ante

106 2484 201 2546 qnam
225 2472 312 2527 terra
333 2468 435 2546 peret.
470 2467 624 2529 Nondum
647 2471 742 2526 erant
766 2466 897 2544 adponi,
924 2470 958 2526 et
986 2483 1042 2543 epo
1071 2466 1142 2542 iam
1172 2470 1305 2546 concepta

106 2590 213 2631 eram:
233 2571 369 2632 necdum
387 2573 500 2646 sontes
525 2591 685 2653 aquarum
710 2576 899 2648 eruperant:
922 2570 1056 2632 necdum
1078 2577 1205 2633 montes
1228 2571 1305 2651 pruni

105 2675 187 2737 mole
204 2677 432 2736 constiterant:
455 2681 528 2736 ante
547 2675 645 2737 colles
664 2694 721 2753 epo
741 2675 963 2755 parturiebar:
992 2673 1097 2737 adduc
1113 2681 1238 2737 terram
1255 2691 1303 2737 naa

102 2784 242 2857 fecerat,
265 2782 461 2863 etjtnmina,
483 2786 515 2841 et
530 2783 679 2842 cardines
699 2780 784 2840 ordis
801 2785 915 2841 terrae.
942 2784 1116 2853 Quando
1134 2797 1302 2860 praepa·

106 2887 233 2945 radat
261 2883 420 2963 caelos,
452 2886 632 2946 aderam:
664 2883 826 2967 quando
859 2894 969 2947 certa
1002 2882 1111 2962 depe,
1142 2891 1185 2945 et
1214 2899 1301 2964 pyro

107 2986 302 3050 inaltatur
338 2989 543 3068 adpssaa:
579 2989 749 3070 qnando
783 2989 964 3050 aethera
991 2988 1198 3054 firmator
1227 3007 1301 3050 rur·

106 3113 193 3153 snam
214 3105 254 3157 et
275 3093 626 3170 tibradatfontes
647 3109 867 3174 aquarum:
890 3093 1053 3172 qnando
1083 3095 1300 3155 circumda·

106 3203 173 3259 dat
192 3202 298 3260 mari
318 3201 534 3260 terminum
555 3216 683 3269 sunm,
705 3204 744 3259 et
763 3198 891 3275 dapem
909 3198 1086 3276 ponebat
1107 3200 1242 3279 aquis,
1268 3209 1302 3255 nt

106 3305 354 3365 transirent
378 3304 493 3380 fines
524 3321 638 3365 auos:
671 3303 836 3383 qnando
864 3301 1124 3382 appendebat
1151 3306 1304 3382 funda·

104 3413 236 3469 menta
266 3418 431 3487 terrae,
458 3427 543 3469 cum
574 3429 618 3469 eo
649 3427 765 3469 eram
801 3414 953 3469 cuncta
985 3426 1255 3485 componens:
1284 3401 1316 3465 cl

105 3513 289 3576 delectabar
308 3531 368 3589 per
387 3514 533 3590 stnpntos
555 3513 623 3575 dies
634 3557 647 3592 ,
676 3513 791 3575 tudens
820 3531 929 3574 coram
949 3531 986 3573 eo
1007 3515 1091 3572 anni
1111 3519 1253 3593 unapars
1270 3503 1329 3594 ⁶)-

107 3653 144 3664 -
166 3616 202 3679 ln
219 3615 261 3679 N.
280 3613 323 3678 Τ.
342 3612 487 3697 inprimis
502 3615 565 3680 Dei
581 3616 759 3702 sapientia,
782 3628 940 3702 quatenus
958 3615 990 3679 in
1006 3615 1209 3682 revelatione
1226 3607 1343 3682 curi·

105 3725 220 3794 stiana,
243 3730 394 3802 tanquam
410 3719 570 3808 religione
587 3742 677 3798 vera,
699 3741 839 3786 necnon
857 3719 888 3785 in
909 3721 979 3805 ejus
1001 3721 1203 3807 propagandi
1226 3714 1350 3787 manv

107 3846 144 3890 se
175 3823 376 3889 manifestam
405 3826 528 3902 reddit,
558 3828 751 3892 celebratur.
767 3827 839 3891 Nos
871 3832 993 3901 antem,
1020 3823 1122 3910 inquit
1152 3824 1350 3891 Paula&

104 3934 332 4012 praedicamus
364 3931 526 3996 Christum
554 3938 759 4016 crucifixum:
790 3933 927 3996 Judaeis
957 3932 1085 4014 quidem
1115 3929 1350 3995 scandatur&

110 4032 270 4099 Gentibus
299 4040 405 4097 autem
434 4042 619 4115 stultitiam,
648 4041 729 4120 ipsis
761 4044 867 4102 antem
897 4039 1018 4100 cocads
1037 4039 1179 4100 Judaeis
1188 4082 1203 4119 ,
1225 4046 1350 4121 atqv

140 4242 165 4307 ¹)
183 4244 233 4299 Pe.
251 4245 309 4306 ¹0³,
327 4244 372 4298 et.
390 4243 434 4300 ct.
452 4244 516 4299 Jer.
535 4245 639 4309 10‚·12.

141 4327 167 4396 2)
185 4333 254 4400 sap.
272 4336 298 4394 8,
318 4336 343 4387 1.

59 4484 70 4503 ,
138 4413 164 4485 3)
183 4422 258 4476 aen.
277 4424 302 4484 t,
318 4423 363 4476 aa.

137 4508 319 4579 ⁴)1’rov08,
337 4513 381 4566 aa.
398 4510 442 4565 Ἀθ.

137 4594 164 4671 ⁸)
180 4600 269 4661 Pron.
284 4602 313 4667 θ,
329 4600 443 4655 22-80.
460 4598 503 4655 ct.
521 4598 588 4656 tob.
606 4602 650 4662 28,
667 4601 702 4652 2³
719 4613 763 4654 ss.
782 4598 872 4654 Baeti.
893 4599 918 4662 1,
937 4601 950 4650 1
970 4612 1012 4654 sa.
1031 4600 1076 4654 24.
1092 4600 1110 4650 t
1129 4612 1173 4654 ss.
