2926 5168
142 375 192 428 ter
214 386 296 450 quae
322 364 428 429 omnia
453 368 589 449 primum
613 365 719 429 locum
749 363 811 428 sibi
837 363 978 429 vindicat
998 365 1131 428 Summa
1160 364 1354 442 Thomas,

142 468 394 555 quamplurimis
409 468 833 542 commentariisillustrata,
858 469 934 531 etin
951 468 1091 556 linguam
1104 489 1268 556 graecam,
1285 491 1355 535 ara·

141 575 246 640 bicam
270 587 303 640 et
323 577 485 639 sineusem
504 593 611 638 versa.
632 575 725 638 Haec
746 573 850 637 tribus
869 584 998 639 constat
1023 573 1184 657 partibus,
1217 596 1352 661 quarum

142 681 243 745 altera
261 679 380 742 iterum
397 679 429 741 in
446 680 525 743 duas
541 679 621 743 alias
639 690 690 743 est
707 678 819 743 divisa.
842 677 976 742 Prima
999 698 1073 762 pars
1092 679 1160 766 agit
1174 681 1213 744 de
1226 680 1301 744 Deo
1321 680 1353 744 in

142 805 199 866 se,
224 786 313 848 etad
333 785 481 847 mundum
508 785 629 869 relat03
653 786 785 848 altera
809 785 848 847 de
868 784 942 848 Deo
961 795 1111 870 tanquam
1136 783 1198 847 fine
1215 785 1354 850 hominis

142 891 275 974 ejusque
288 888 467 962 actionum,
490 908 572 973 quae
588 909 648 954 nos
665 910 738 953 cum
748 895 819 973 ipso
841 889 1056 975 conjungunt,
1081 900 1137 953 aut
1156 889 1195 952 ab
1211 889 1284 974 ipso
1302 910 1352 955 se·

141 1005 270 1078 parant,
294 994 473 1078 etquidem
495 993 626 1077 prima
650 996 863 1059 secundae
886 995 925 1057 de
944 993 1070 1057 actibus
1088 993 1255 1071 humanis,
1277 1014 1351 1079 pec·

140 1098 223 1164 catis
238 1098 656 1186 etvirtutibusgeneratim,
680 1111 775 1184 atque
797 1099 982 1164 secunda
1005 1099 1236 1174 secundae,
1260 1119 1351 1184 prae·

140 1205 239 1268 missa
257 1203 402 1268 doctriua
429 1205 468 1266 de
492 1204 731 1287 justificatione,
748 1206 788 1268 de
805 1203 921 1268 iisdem
948 1203 1117 1288 speciatim
1124 1226 1134 1274 ;
1157 1213 1191 1266 et
1212 1214 1278 1266 ter
1293 1203 1351 1269 tia

140 1311 178 1372 de
194 1307 328 1372 Christo
349 1308 557 1382 Redemtore‚
582 1310 622 1372 de
636 1308 868 1384 sacramentis,
889 1320 984 1394 atque
1001 1310 1040 1372 de
1060 1308 1303 1373 resurrectione
1318 1319 1351 1373 et

139 1414 198 1488 iis,
223 1433 304 1499 quae
327 1433 399 1477 eam
415 1425 600 1502 sequuntur.

221 1518 288 1581 Per
310 1519 495 1582 methodum
510 1515 736 1582 scholasticam
752 1515 883 1602 ingenia
899 1517 939 1579 ad
955 1516 1163 1603 cogitandum
1191 1518 1231 1582 do
1250 1519 1350 1582 rebus

139 1622 305 1710 religiosis
326 1643 402 1686 esse
419 1623 577 1696 excitata,
602 1623 640 1685 ad
669 1620 815 1686 ordinate
839 1622 879 1684 de
900 1620 1016 1685 iisdem
1047 1621 1273 1687 disserendum
1304 1623 1349 1687 in·

139 1729 269 1803 stituta,
292 1728 441 1793 notiones
464 1729 648 1794 adcuratius
674 1725 840 1799 delinitas,
870 1726 1026 1791 veritates
1053 1728 1218 1792 revelatas
1245 1727 1350 1815 magis

138 1835 316 1899 illustratas
335 1846 368 1897 et
381 1833 579 1918 explicatas,
602 1854 687 1896 nova
703 1844 894 1920 argumenta
909 1831 940 1895 in
959 1833 1099 1897 medium
1118 1833 1262 1917 prolata,
1294 1845 1349 1898 aut

134 1941 200 2022 jam
217 1951 296 2002 nota
311 1937 424 2023 majori
440 1938 473 2002 vi
489 1938 667 2015 instructa,
689 1938 939 2024 inanitatemque
959 1937 1277 2023 quamplurimarum
1293 1938 1347 2001 ob·

134 2044 316 2128 jectionum
333 2054 564 2118 monstratam,
585 2042 710 2107 inficias
734 2044 775 2108 iri
790 2065 808 2108 a
822 2043 949 2108 nemine
973 2055 1091 2126 potest.
1114 2041 1347 2107 Verumtamen

139 2150 309 2213 methodus
326 2149 396 2222 illa,
420 2169 516 2234 quum
536 2170 651 2212 omnes
668 2168 724 2211 res
744 2150 900 2212 humanae
912 2148 1120 2232 imperfectae
1140 2147 1206 2212 sint
1223 2159 1256 2212 et
1273 2148 1348 2212 abu·

138 2255 227 2318 sibus
249 2253 427 2328 obnoxiae,
450 2254 553 2317 malos
567 2274 692 2338 quoque
712 2253 800 2316 dedit
814 2251 958 2317 effectus.
980 2252 1111 2317 Etenim
1131 2252 1225 2337 primi
1237 2253 1348 2318 Theo·

140 2359 204 2445 logi
223 2359 408 2423 scholastici
429 2372 462 2423 et
476 2358 679 2442 posteriores
699 2357 842 2422 melioris
864 2369 960 2422 notae
980 2358 1108 2444 quidem
1127 2357 1157 2421 in
1184 2377 1347 2441 exponen·

139 2464 187 2526 dis
207 2463 323 2527 divinis
343 2464 546 2551 dogmatibus
562 2463 691 2527 minime
719 2463 779 2528 soli
796 2463 910 2527 rationi
923 2463 1183 2548 acquiescebant,
1207 2462 1265 2526 sed
1281 2461 1347 2525 ubi·

138 2590 197 2654 que
212 2569 253 2633 ad
269 2575 364 2632 effata
384 2571 417 2633 S.
447 2569 638 2654 scripturae
664 2580 758 2654 atque
788 2568 990 2633 Traditionis
1016 2568 1142 2633 divinae
1162 2566 1347 2632 testimonia

138 2674 374 2759 provocabant,
405 2695 503 2758 porro
528 2694 688 2759 nunquam
715 2674 766 2758 pia
797 2674 893 2738 animi
929 2694 1027 2759 sensa
1054 2673 1202 2740 excitare
1249 2684 1345 2758 atque

139 2781 317 2844 doctrinam
338 2779 489 2843 advitam
516 2792 550 2843 et
566 2799 693 2843 omnem
725 2779 842 2865 agendi
872 2778 1030 2843 rationem
1051 2779 1213 2864 adplicare
1231 2778 1346 2843 omise-

140 2896 233 2966 runt,
258 2895 353 2969 atque
378 2884 600 2969 quaestionum
623 2905 790 2947 numerum
812 2884 897 2948 intra
907 2886 1016 2968 justos
1035 2883 1153 2949 limites
1169 2883 1346 2948 restrinxe-

137 3001 229 3062 runt,
261 3001 316 3053 aut
341 3010 399 3052 eos
423 2990 537 3053 saltem
563 3010 626 3052 non
648 2990 781 3053 multum
811 3000 1035 3054 excesserunt
1067 2989 1130 3051 Ast
1165 3007 1346 3076 progressu

135 3094 294 3178 temporis
320 3114 339 3157 a
367 3094 539 3179 plerisque,
569 3092 728 3181 neglectis
755 3095 817 3158 SS.
845 3095 979 3159 Litteris
1005 3106 1037 3158 et
1061 3093 1201 3157 lontibus
1230 3091 1346 3156 Tradi-

136 3199 246 3272 tiouis,
270 3200 339 3262 sola
364 3199 503 3263 adhibita
518 3211 592 3262 sum
610 3199 779 3263 ratiocinia
793 3211 826 3262 et
836 3199 1076 3284 disquisitiones
1093 3197 1345 3283 philosophicae,

134 3303 291 3368 excitatio
326 3303 452 3386 piorum
492 3325 644 3367 sensuum
683 3324 722 3367 ac
758 3304 966 3368 consiliorum
1003 3303 1205 3378 intermissa,
1250 3313 1344 3386 atque

132 3408 346 3495 quaestiones
365 3408 514 3488 inutiles,
545 3409 696 3474 curiosae
717 3429 756 3473 ac
784 3409 935 3494 spinosae
959 3410 1164 3499 propositae,
1192 3408 1232 3471 ad
1263 3426 1344 3491 quas

132 3514 312 3578 solvendas
329 3513 518 3579 innumerae
541 3513 775 3589 distinctiones,
799 3533 921 3599 eaeque
943 3513 1172 3578 subtilissimae
1189 3523 1265 3576 sunt
1288 3531 1344 3576 ex·

128 3618 321 3706 cogitatae,
344 3640 491 3704 nouaque
508 3619 665 3683 vocabula
683 3639 721 3683 ac
749 3639 853 3683 novae
882 3620 1032 3704 loquendi
1064 3618 1220 3682 formulae
1245 3618 1345 3683 intro·

123 3727 270 3798 ductae,
294 3725 408 3808 quibus
431 3725 540 3812 lingua
551 3724 658 3802 latina,
682 3724 713 3789 iu
726 3724 847 3789 scholis
868 3725 997 3800 usitata,
1013 3745 1162 3810 magnam
1183 3722 1346 3788 contraxit

122 3829 534 3914 barbariemQuapropter
543 3830 650 3892 statim
662 3828 821 3893 initioviri
835 3830 1041 3903 exstiterunt,
1056 3829 1108 3914 qui
1117 3828 1345 3894 scholasticam

119 3934 355 4020 'Pheologiam
374 3935 533 3999 tractandi
550 3934 708 3998 rationem
730 3934 970 4018 improbarent,
994 3934 1110 4019 quique
1133 3932 1209 3998 lidei
1229 3933 1345 3998 doctri·

120 4057 224 4109 nam,
249 4059 343 4122 quam
361 4040 584 4123 exponebant,
608 4061 626 4103 e
651 4040 791 4104 lontibus
812 4039 1039 4112 revelationis,
1059 4041 1093 4103 S.
1115 4039 1287 4124 Scriptura
1313 4051 1346 4103 et

121 4140 346 4217 Traditione,
378 4144 486 4227 potius
515 4145 644 4208 haurire
663 4145 838 4219 malebant,
870 4144 1037 4231 Theologi
1065 4144 1250 4229 positivi
1271 4145 1345 4210 ideo

120 4247 375 4332 cognominati3
398 4249 484 4322 licet,
508 4272 602 4333 quum
616 4250 744 4314 novitas
755 4250 860 4314 omnis
876 4251 1022 4333 placeat,
1046 4249 1232 4337 Theologia
1252 4252 1344 4316 scho-

119 4347 248 4414 lastica
260 4352 433 4435 juvenibus
449 4354 554 4441 magis
570 4354 754 4430 adrideret‚
778 4366 810 4418 et
826 4355 917 4418 brevi
941 4376 1053 4436 omnes
1073 4356 1112 4419 ad
1134 4376 1174 4419 se
1199 4357 1346 4420 traheret

125 4452 331 4538 discipulos,
353 4457 463 4533 itaut,
488 4461 753 4543 quemadmodum
772 4480 892 4523 recens
908 4472 1004 4524 natae
1031 4460 1246 4526 scholasticae
1274 4481 1343 4524 cre·

123 4557 183 4622 vit
194 4560 332 4623 studium
357 4572 451 4646 atque
474 4565 595 4637 cultus,
625 4564 670 4628 ita
693 4565 814 4630 sensim
843 4564 1027 4630 decreverit
1049 4567 1133 4650 apud
1167 4566 1341 4656 plerosque
