2926 5168
1213 216 1277 284 att

151 381 346 443 Observ.
369 377 397 440 1.
422 382 519 450 Loca,
552 396 628 456 quae
654 379 685 435 in
710 375 767 438 SS.
789 375 920 435 Litteris
953 370 1093 433 edissere
1122 371 1275 442 videntur,

102 507 185 561 eum,
217 496 371 564 peccatum
402 486 480 545 velle
508 493 558 544 aut
589 483 768 565 praecipere
792 487 839 555 ί),
869 482 918 540 vei
940 497 1014 538 vero
1037 480 1067 536 in
1091 478 1200 555 quibus
1223 495 1275 535 cor

102 567 230 655 ‚minum
244 591 386 651 indurare
408 589 517 649 dicitur
539 584 582 670 ²),
605 588 725 648 nonnisi
748 586 926 665 designant,
955 587 1054 644 Deum
1075 586 1187 642 maium
1209 601 1276 659 per·

102 701 210 769 ittera,
235 706 287 757 aut
321 696 410 755 etiam
440 694 571 772 gratiam
604 710 690 751 suam
713 692 750 751 ob
772 691 903 751 hominis
925 687 1073 750 malitiam
1096 690 1278 748 renitentem

102 820 222 883 negare
252 805 301 875 ⁸),
329 802 378 860 vei
405 799 441 858 de
472 816 621 858 concursu
651 798 732 866 Dei,
761 814 849 874 quern
878 797 1056 874 generalem
1088 793 1210 872 dicunt,
1241 792 1278 850 ad

102 911 180 969 alum
210 925 324 984 poenae
356 907 518 982 loquuntur
540 898 587 983 ⁴),
617 903 666 961 vei
698 920 772 960 vero
803 909 939 973 tautum,
968 919 1044 978 quae
1076 899 1178 958 futura
1206 899 1277 966 sint,

102 1010 288 1088 nuntianti).

154 1115 324 1181 observ.
342 1116 374 1179 2.
396 1113 551 1173 Sanctitas
574 1112 685 1182 divina,
707 1113 752 1171 uti
769 1112 950 1188 principium
972 1119 1061 1187 atque
1083 1110 1153 1170 finis
1178 1113 1278 1171 omnis

103 1222 230 1300 ligionis
247 1238 356 1290 verae,
383 1221 426 1278 ita
449 1206 485 1277 et
503 1217 637 1293 ejusdem
657 1235 809 1276 summum
834 1223 882 1276 est
897 1217 1135 1276 incitamentum.
1158 1218 1280 1276 Etenim

102 1329 221 1388 ¹uetitas
248 1326 306 1385 Dei
330 1341 447 1382 summa
469 1331 516 1381 eat
542 1321 606 1396 ejus
627 1321 836 1398 pulchritudo,
866 1330 895 1380 et
919 1321 1009 1380 decor
1033 1323 1196 1381 ineffabilis
1215 1321 1280 1396 ejus

102 1431 352 1493 aestautissimae
368 1438 513 1498 naturae,
535 1430 591 1488 lux
606 1429 773 1488 divinitatis
788 1428 989 1497 intemerata,
1011 1428 1128 1503 puritas
1144 1434 1174 1486 et
1190 1427 1281 1486 casti·

102 1539 174 1598 onia
192 1535 412 1619 integerrimae
432 1533 605 1592 voluntatis.
627 1535 664 1590 tit
686 1527 756 1592 hinc

154 1635 320 1707 anutium
345 1646 393 1697 est
418 1646 490 1718 post
517 1639 696 1714 sapientiam
725 1637 874 1697 infinitam
898 1639 957 1696 Dei
983 1638 1181 1706 attributum,
1204 1637 1282 1715 quod

102 1762 125 1807 ts
153 1745 252 1823 magis
283 1752 401 1803 moveat
431 1743 468 1803 ad
501 1746 703 1804 reverentiam
730 1755 819 1821 atque
843 1745 1036 1807 dilectionem
1064 1745 1131 1803 Deo
1156 1763 1194 1802 ax
1218 1753 1281 1802 toto

102 1854 176 1920 troia,
194 1860 224 1910 et
238 1869 276 1910 ex
287 1858 351 1910 tota
364 1851 475 1918 anima,
489 1856 570 1910 etex
589 1851 729 1909 omnibus
740 1850 858 1909 viribus
873 1849 1091 1920 exhibendam
1108 1850 1282 1926 nullumque

154 1958 183 2016 b.
206 1955 282 2034 quod
301 1974 357 2014 nos
381 1957 480 2032 magis
498 1956 535 2014 ad
557 1955 689 2014 studium
710 1957 835 2015 virtutis
857 1962 1014 2032 provocet.
1035 1954 1110 2012 Nam
1132 1955 1198 2013 Deo
1219 1956 1281 2030 pia·

102 2082 153 2122 tre·
170 2079 230 2120 non
252 2076 432 2135 possumus,
462 2061 521 2118 nisi
548 2069 577 2118 et
600 2061 658 2136 ipsi
683 2077 738 2134 pro
758 2061 873 2118 viribus
900 2061 1093 2118 sanctitatem
1107 2052 1282 2130 sectemur,

102 2171 233 2246 iigentes
249 2165 411 2240 justitiam,
429 2173 458 2223 et
476 2160 545 2224 odio
563 2163 711 2224 hahentes
730 2166 919 2242 iniquitatem
924 2184 940 2243 ,·
960 2169 1050 2224 Deua
1069 2163 1151 2224 anim
1170 2163 1281 2223 altari-

102 2288 122 2332 a
151 2273 219 2329 est:
250 2277 284 2330 et
310 2272 366 2347 aui
393 2274 502 2329 manet
524 2271 558 2328 io
584 2269 749 2339 charitate,
779 2273 813 2329 in
834 2268 902 2330 Deo
931 2274 1056 2350 manat,
1085 2274 1118 2329 et
1136 2268 1228 2329 Deua
1248 2269 1284 2329 ita

102 2371 181 2458 t⁶),·
202 2374 256 2435 sed
288 2375 380 2434 etiarn
411 2377 549 2452 effugere
579 2375 793 2452 omnipotentis
828 2374 990 2433 vindictam
1023 2376 1200 2452 nequimus,
1232 2379 1284 2434 aui

102 2479 263 2540 trutinatio
292 2487 341 2539 ast
369 2478 422 2537 aia
453 2481 541 2556 impii
568 2475 618 2560 t),
648 2483 680 2538 et
699 2483 754 2558 qui
783 2477 850 2540 adit
869 2497 997 2551 amaea,
1026 2481 1082 2561 qai
1111 2483 1284 2559 operantur

102 2585 290 2664 iquitatern,
313 2581 614 2660 attonitaatnotita,
637 2589 692 2663 qai
711 2581 884 2664 loquantur
904 2583 1103 2645 mendacium
1124 2585 1162 2663 ⁸).

156 2762 185 2844 9.
207 2755 275 2830 21.
298 2759 367 2829 11.
389 2778 428 2830 e.
450 2758 787 2830 veracissimus
809 2779 864 2831 ac
885 2760 1197 2833 fidelissimus.

154 2912 210 2979 lix
240 2912 413 2978 sanctitate
439 2907 545 2977 divina
569 2924 763 2999 sequrmtur,
793 2915 847 2978 vel
872 2915 979 3001 potius
1005 2917 1047 2980 ad
1076 2915 1282 2981 sanctitatem

102 3018 212 3084 *vinam
231 3017 394 3102 pertinent
416 3038 541 3084 summa
560 3017 624 3084 Dei
645 3024 865 3083 veracitas
885 3040 923 3086 ac
942 3020 1077 3098 fides,
1100 3041 1159 3086 seu
1180 3019 1282 3085 iide-

107 3252 131 3320 ¹)
148 3251 240 3304 Exod.
255 3254 282 3315 3,
299 3250 347 3301 22.
359 3252 386 3305 3.
401 3250 471 3316 neg.
487 3252 657 3315 22,19-23.
674 3253 703 3306 2.
718 3253 791 3317 Rea.
805 3252 850 3316 21,
868 3254 892 3305 1.
908 3253 949 3319 12,
968 3255 997 3305 11
1015 3268 1039 3305 s.

103 3335 130 3406 ¹)
145 3340 229 3395 ttxod
244 3341 272 3404 1,
288 3339 333 3390 21.
348 3342 374 3403 9,
394 3342 435 3391 12.
448 3340 513 3390 3119.
530 3343 556 3402 9,
573 3341 617 3394 23.
634 3341 673 3395 Is.
687 3344 714 3402 a,
732 3345 757 3394 9.
777 3343 818 3395 19.
833 3343 880 3405 29,
899 3345 999 3406 1993,
1019 3345 1059 3397 17.
1077 3342 1180 3396 Mattio.
1192 3344 1220 3407 9,
1240 3343 1283 3397 13.

102 3444 151 3484 otu.
170 3434 194 3492 1,
212 3431 254 3481 21.
267 3430 311 3480 29.
327 3431 370 3481 23.
384 3433 410 3495 9,
430 3431 473 3484 19.
487 3430 512 3482 2.
531 3430 633 3483 Thess.
653 3434 682 3492 2,
702 3433 812 3485 19-13.

103 3514 189 3586 ³)1ta
207 3517 463 3581 exeamas,
483 3517 523 3570 12.
540 3520 567 3572 2.
585 3520 656 3585 Rea.
677 3523 726 3583 12,
754 3522 783 3572 11
803 3535 830 3575 s.
848 3521 899 3584 21,
927 3527 950 3574 1.
968 3522 1078 3587 teas,
1105 3523 1146 3577 19.
1164 3525 1213 3584 93,
1240 3524 1280 3575 17.
1339 3589 1341 3592 ⁴
1379 3516 1381 3520 ’

102 3600 221 3683 attufit,
240 3608 382 3662 13119111.
401 3609 443 3668 tt,
459 3607 503 3660 21.
520 3609 564 3659 29.
581 3610 625 3662 29.
643 3612 670 3672 9,
690 3612 732 3663 19.
750 3612 777 3662 2.
795 3610 899 3667 Thess.
915 3613 941 3676 2,
961 3615 1068 3666 19-13.
1099 3611 1282 3669 0011191911.

117 3701 159 3750 13.
178 3700 221 3753 22.
236 3698 281 3750 23.
298 3700 324 3759 8,
341 3699 486 3749 32111111.
507 3700 548 3761 19,
569 3700 609 3753 19.
630 3702 654 3753 1.
671 3699 736 3753 Par.
753 3701 795 3765 21,
816 3703 840 3755 i.
857 3703 921 3756 ter.
939 3705 965 3763 9,
982 3705 1009 3756 3.
1027 3707 1053 3765 9,
1070 3705 1114 3755 29.
1129 3703 1239 3769 9111191.
1255 3703 1282 3765 1,

102 3789 185 3841 1-19.
202 3786 403 3852 Angustia.
422 3789 498 3839 Cant.
516 3791 623 3841 Jatiaa.
642 3794 661 3843 t.
681 3794 708 3840 a.
727 3794 945 3848 ο.3.11.8.1“.
964 3797 1006 3847 19.
1025 3807 1052 3848 ο.
1069 3794 1128 3847 931.
1157 3796 1282 3846 Caecitas

102 3880 171 3943 adii,
190 3893 268 3941 wem
285 3881 357 3929 rotas
374 3875 491 3929 remoaet
507 3882 596 3940 Baua,
619 3888 646 3932 at
659 3889 799 3939 peccatum
818 3890 872 3944 est,
897 3898 947 3946 aaa
964 3886 994 3937 ia
1011 3887 1098 3936 Deum
1115 3901 1168 3936 aon
1186 3890 1281 3938 credi·

102 3981 130 4028 rt
148 3975 176 4021 at
195 3970 483 4027 poenapeccati,
502 3982 554 4029 aaa
579 3981 626 4020 cor
643 3973 782 4029 supereum
805 3975 887 4033 diana
905 3976 1138 4026 animadversione
1154 3980 1280 4042 peninar,-

126 4072 210 4109 caasa
232 4057 360 4117 peccati,
384 4068 444 4106 oum
469 4058 537 4106 mati
562 4059 669 4120 aliquid
699 4063 777 4112 coeci
803 4065 893 4113 cordis
918 4079 1008 4115 errore
1027 4068 1206 4119 committitur.
1235 4065 1279 4123 ct,
1373 4102 1374 4105 κ

102 4150 160 4203 nist.
180 4149 249 4197 194.
268 4143 357 4210 (109)
377 4148 413 4196 ad
430 4147 500 4197 stat.
518 4161 545 4198 ο.
564 4150 640 4200 311.
659 4151 709 4201 14.
728 4149 761 4201 Τ.
779 4153 803 4203 2.
823 4163 848 4203 a.
863 4153 923 4203 719.

105 4233 131 4301 ⁴)
148 4234 198 4287 Sia
223 4236 250 4285 3.
266 4234 339 4301 liar.
355 4236 401 4296 22,
419 4235 529 4287 19-23.
546 4235 614 4288 tud.
632 4238 659 4296 9,
675 4238 719 4291 23.

107 4320 625 4389 emmmammomm

107 4407 132 4478 ⁶)
151 4417 175 4466 t.
192 4414 277 4464 Joan.
294 4411 320 4474 1,
339 4415 380 4464 19.

109 4501 132 4565 ⁷)
148 4505 233 4557 Prov.
253 4504 295 4566 19,
313 4503 341 4556 9.

109 4586 284 4660 &aba
