2926 5168
202 228 265 294 tto
309 227 315 237 ¹

287 376 565 459 Gubernatiouem
597 375 754 453 divinam,
784 393 817 445 et
848 381 976 468 quidem
1004 394 1069 449 tarn
1100 391 1290 472 generalem
1320 406 1411 471 quam

203 481 379 566 specialem
399 503 438 548 ao
470 482 757 568 specialissimam,
784 506 844 549 seu
873 508 983 552 rerum
1014 500 1195 554 creatarum
1224 502 1292 554 tam
1319 490 1410 555 simul

202 599 377 652 sumtarum
400 609 495 674 quam
518 588 717 676 singularum
740 591 820 668 dari,
844 593 962 658 docent

325 693 363 756 Α.
387 692 639 778 quamplurima
662 695 724 759 SS.
746 697 1006 763 Litterarum
1028 697 1222 768 testimonia.
1246 700 1321 766 Huc

285 820 313 863 a.
335 797 498 882 pertinent
512 799 594 875 loca,
617 820 698 886 quae
715 804 900 888 generalem
919 803 1188 890 gubernationem
1205 807 1345 881 tradunt,
1367 807 1412 870 uti

200 917 291 969 sunt:
320 910 458 985 Attinpit
485 906 655 992 [pertingit
678 907 860 991 Sapientia)
893 933 913 972 a
940 914 1007 991 fine
1039 931 1140 994 usque
1161 914 1206 973 ad
1220 916 1319 993 finem
1333 916 1411 988 for-

200 1017 274 1074 titer
294 1003 369 1095 (suit
390 1009 516 1074 scilicet
537 1005 680 1096 potentii
701 1023 863 1099 vegetans
885 1033 923 1077 ac
945 1034 1080 1078 movens
1102 1006 1248 1092 omnia),
1271 1024 1306 1079 et
1325 1024 1412 1079 dis-

196 1119 316 1192 ponit
336 1115 450 1202 (regit,
473 1114 690 1200 administrat)
714 1125 847 1180 omnia
868 1127 1060 1183 suaviter
1082 1120 1147 1209 (gr.
1168 1127 1307 1194 utiliter,
1330 1121 1410 1184 adeo

199 1218 365 1294 videlicet,
397 1232 431 1284 ut
461 1221 546 1284 nulla
573 1242 629 1285 res
658 1221 690 1285 iu
722 1233 792 1286 toto
820 1222 973 1288 universo
1005 1224 1209 1309 reperiatur,
1240 1245 1321 1310 quae
1355 1247 1410 1289 suo

198 1321 305 1388 officio
326 1345 390 1388 nou
404 1337 477 1409 apte
493 1330 654 1413 fungatur,
675 1325 794 1413 finique
811 1350 869 1392 suo
892 1350 954 1392 non
973 1330 1183 1414 respondeat)
1205 1336 1241 1411 ¹).
1266 1369 1305 1381 -
1332 1333 1408 1403 Tua,

197 1431 308 1503 Pater,
328 1434 597 1512 providentio
615 1435 843 1512 quierunt:
864 1440 1015 1518 quoniam
1046 1439 1180 1514 dedisti,
1211 1445 1244 1496 et
1274 1441 1308 1497 in
1329 1441 1409 1497 mari

197 1540 290 1608 viora,
313 1542 345 1597 et
363 1541 449 1599 inter
465 1541 585 1618 fluctus
606 1543 749 1601 semitam
777 1543 995 1620 firmissimam
1028 1539 1150 1623 (navim
1182 1537 1312 1603 scilicet
1339 1538 1407 1602 diri·

196 1643 303 1725 gendo
325 1661 363 1706 ao
385 1641 519 1725 tuendo)
542 1647 579 1722 ²).
596 1680 637 1691 —
661 1644 836 1709 cassidem
858 1667 983 1726 opera
1005 1646 1092 1719 Dei,
1122 1643 1158 1726 (i.
1180 1664 1208 1708 e.
1229 1665 1407 1729 persuasus

197 1757 280 1821 esto,
303 1745 410 1809 omnia
432 1746 670 1831 sapientissime
687 1748 897 1833 omnipotenti
920 1749 983 1814 Dei
1007 1747 1125 1812 virtute
1147 1746 1303 1830 disponi)
1326 1759 1408 1833 quod

194 1870 285 1912 nemo
304 1855 408 1930 possit
426 1854 606 1929 corripere,
642 1872 734 1934 poem
760 1853 814 1914 ilie
842 1853 1042 1929 disperserit,
1075 1852 1146 1928 (vel
1174 1851 1285 1937 potius
1313 1854 1405 1937 juxta

196 1965 321 2019 textum
342 1952 534 2042 originalem
566 1957 652 2038 quod
668 1957 723 2017 ille
742 1959 934 2038 incurvavit,
955 1954 976 2020 i.
999 1977 1027 2021 e.
1049 1977 1145 2022 nemo
1166 1967 1279 2042 potest
1299 1955 1404 2021 immu-

195 2071 286 2135 tare,
310 2061 394 2146 quod
423 2061 516 2124 Deus
545 2057 616 2123 lieri
638 2060 810 2137 decrevit).
838 2063 880 2123 In
908 2064 960 2125 die
987 2067 1209 2144 benafrum
1236 2066 1345 2137 bonis,
1377 2071 1406 2125 et

193 2168 311 2229 indam
332 2169 414 2229 diem
429 2186 590 2245 praecave
602 2170 680 2239 (seu
694 2172 832 2242 paratas
849 2174 1042 2244 exspectaJ:
1064 2172 1272 2230 sicutenim
1288 2168 1402 2240 hanc,

193 2276 257 2334 sic
278 2277 316 2333 et
335 2273 450 2336 illam
467 2274 586 2347 fecit
603 2272 718 2332 Deus
740 2273 784 2350 ³).
807 2268 1027 2356 Quaecunque
1049 2269 1158 2355 itaque
1180 2269 1262 2334 fiunt
1284 2291 1328 2336 ex
1350 2292 1401 2334 vo·

193 2376 315 2440 luntate
337 2395 375 2439 ao
398 2373 598 2440 ordinatione
623 2372 729 2438 divina
751 2372 831 2438 fiunt
852 2383 883 2453 ⁴)
893 2421 907 2455 ,
936 2387 970 2440 et
998 2374 1126 2461 quidem
1147 2373 1194 2438 ita
1216 2388 1253 2439 ut
1274 2376 1328 2440 vol
1351 2374 1403 2439 mi·

193 2482 295 2546 nimas
318 2491 351 2545 et
373 2478 547 2545 vilissimas
568 2501 624 2544 res
646 2480 728 2542 haud
752 2479 916 2566 negligat,
945 2492 978 2544 et
1008 2480 1106 2545 etiam
1129 2500 1181 2561 ea,
1203 2500 1286 2565 quae
1308 2480 1401 2545 uobis

193 2606 272 2651 casu
294 2584 544 2660 fierividentur‚
567 2583 700 2669 abipso
725 2583 967 2652 sintordinata.
998 2586 1116 2650 Nonne
1147 2588 1208 2649 duo
1236 2608 1401 2668 passeres,

192 2689 461 2755 ait-Christus
482 2690 757 2765 Dominus,
786 2712 863 2752 asse
894 2701 1058 2772 veneunt,
1090 2698 1122 2753 ei
1147 2712 1234 2754 unus
1264 2712 1308 2753 es
1337 2693 1402 2752 illis

160 2869 162 2873 ¹
191 2819 256 2858 non
285 2799 376 2859 cadet
402 2817 501 2876 super
528 2803 649 2859 terrum
670 2802 783 2858 sine
811 2802 933 2874 patre
965 2801 1160 2871 vestro,
1194 2782 1229 2875 (i
1252 2815 1281 2858 e.
1302 2794 1399 2858 Patre

190 2898 539 2981 insciootnoleute)?
565 2904 742 2964 Vestri
771 2908 931 2963 autem
961 2892 1160 2980 ca'pilli
1191 2904 1400 2980 sapitis

190 3027 328 3069 omnes
355 3009 613 3070 numerati
643 3017 742 3069 sunt
763 3003 810 3088 ⁵).
840 3004 886 3068 Et
914 3005 945 3069 in
977 3003 1239 3069 Proverbiis
1263 3003 1398 3092 legitur:

189 3111 337 3174 Sortes
366 3117 592 3175 initiantur
627 3115 667 3175 in
696 3116 854 3192 sinum,
885 3114 963 3174 sed
989 3133 1010 3173 a
1040 3113 1219 3175 Domino
1254 3123 1397 3192 tempe·

188 3223 340 3278 rantur
361 3223 400 3291 ⁶).

271 3320 301 3385 b.
325 3320 502 3405 speciatim
529 3331 635 3385 sutem
663 3341 774 3386 curam
792 3320 955 3384 hominum
979 3320 1096 3404 habet,
1128 3341 1305 3408 eorumque
1335 3326 1396 3386 lata

189 3423 307 3513 dirigit.
327 3432 378 3490 Sit
397 3448 510 3490 nomen
531 3430 676 3498 Domini,
708 3425 754 3490 ait
781 3425 958 3499 Daniel,
988 3429 1185 3490 benedictum
1206 3449 1228 3490 a
1260 3436 1395 3503 saeculo,

187 3543 219 3596 et
238 3553 342 3615 usque
364 3537 399 3596 in
420 3535 608 3595 saeculum.-
642 3536 717 3615 quia
739 3536 973 3610 sapientia,
1001 3539 1041 3594 ei
1063 3534 1280 3610 fortitudo
1310 3537 1396 3613 ejus

186 3650 298 3702 sunt.
319 3639 375 3702 llt
392 3643 484 3718 ipse
513 3640 586 3723 (pro
616 3638 677 3701 hac
711 3636 838 3702 scilicet
865 3657 989 3701 summa
1021 3634 1179 3720 sapientia
1209 3656 1249 3702 ac
1276 3636 1394 3701 fortitu·

167 3727 276 3825 'dine)
297 3751 430 3807 mutat
449 3753 632 3824 tempora
653 3751 693 3807 et
713 3751 898 3807 aetates.-
930 3749 1147 3825 transfert
1172 3764 1314 3822 regna,
1337 3755 1395 3807 st·

187 3872 262 3932 que
282 3856 532 3916 constituit:
553 3852 609 3914 dat
620 3855 812 3933 sapientiam
823 3852 1031 3932 sapientibus,
1054 3852 1264 3912 etsoientium
1277 3851 1394 3914 intelil-

185 4064 434 4082 Q·

219 4174 243 4240 ¹)
262 4172 329 4244 Sap.
345 4172 372 4238 8,
391 4173 416 4230 1.

218 4259 242 4334 ²)
262 4266 329 4332 Sap.
349 4266 391 4328 11,
409 4268 437 4318 3.

217 4358 242 4419 ⁸)
260 4357 329 4410 ltro.
347 4357 373 4416 7,
393 4355 501 4408 tt-tt.

217 4443 243 4511 ¹⁰)
262 4447 305 4500 01.
322 4445 438 4512 iusuper
455 4445 522 4501 lob,
540 4445 566 4508 5,
583 4447 601 4496 o
619 4455 662 4496 ss.
679 4442 739 4495 Jer.
756 4445 783 4504 5,
799 4441 909 4494 23-31.
927 4440 953 4494 2.
972 4435 1038 4496 Par.
1059 4440 1085 4500 7,
1105 4434 1136 4489 13
1156 4449 1200 4488 ss.

217 4532 240 4604 ⁵)
258 4537 360 4589 Matth.
380 4539 421 4597 10,
439 4538 551 4590 tlt-3⁰,
570 4534 613 4589 ct.
631 4537 659 4596 6,
674 4535 709 4585 25
726 4546 770 4584 ss.

216 4619 240 4692 ⁰)
258 4628 344 4683 Prov.
365 4628 406 4690 to,
423 4627 466 4683 33.
