2926 5168
151 217 215 281 258

151 378 211 441 rat,
234 367 265 430 in
292 368 424 435 Christo
439 371 522 435 lesu
539 391 617 436 esse
635 394 749 440 omnes
767 377 939 444 thesauros
955 382 1132 468 sapientiae
1152 397 1184 448 et
1204 386 1362 452 scientiae

151 473 372 556 absconditos,
395 496 455 539 seu
470 478 656 542 reconditos
672 488 711 560 ¹).
733 515 773 528 -
796 503 822 546 c.
844 483 932 548 Tum
954 500 1082 553 vocat
1103 490 1222 553 Paulus
1246 491 1362 557 Chri·

150 590 253 643 stum
278 581 452 647 delinite
484 583 606 649 Deum
637 606 681 651 ac
712 588 929 655 Dominum
962 613 1062 659 sensu
1091 595 1361 672 eminentissimo,

149 695 254 770 atquc,
278 697 496 753 aeternum
518 711 562 754 ac
584 690 885 759 immutabilem
907 718 1023 780 esse,
1047 713 1159 784 aperte
1181 700 1361 786 praedicat.

148 792 199 853 nd
222 791 389 857 Christum
412 795 497 858 enim
517 797 617 861 verba
639 799 757 863 Psalmi
779 802 895 866 relert:
933 807 1079 872 Thronus
1099 814 1175 871 treus
1195 809 1309 871 Deus
1329 815 1362 871 ιἰι

147 902 311 962 sarmium
332 902 469 980 saecuti,
492 909 549 967 etc.
577 903 622 966 Et
642 926 775 970 rursus:
799 907 849 970 Τα
869 914 1076 991 estprincipio
1098 919 1269 976 Domine
1291 926 1360 977 ter-

146 1026 217 1068 ram
235 1008 396 1080 fundasti,
418 1018 475 1072 ete.
507 1017 548 1079 ²).
580 1010 648 1090 Ipsi
666 1014 836 1094 peribunt,
868 1022 910 1077 lu
931 1026 1066 1079 autem
1085 1022 1361 1098 permanebis,

147 1122 178 1178 et
198 1137 306 1178 omrtes
333 1122 371 1176 ut
396 1119 614 1179 resumentem
641 1125 856 1181 veterascent.-
887 1123 1029 1185 etvetus
1055 1126 1203 1185 amictum
1224 1129 1363 1188 semila

148 1240 213 1294 eos,
235 1228 268 1283 et
286 1221 512 1282 mutabuntur:
533 1228 576 1284 tu
596 1230 730 1284 autem
749 1229 762 1284 i
779 1225 875 1286 dem
896 1229 998 1306 ipse
1019 1247 1086 1308 er,
1116 1240 1159 1290 et
1179 1233 1280 1291 anni
1302 1233 1363 1292 tui

146 1346 223 1388 non
244 1329 462 1395 deficient.
484 1325 530 1388 Et
551 1323 624 1389 hinc

228 1436 258 1499 3.
282 1428 453 1493 Christo
476 1429 630 1494 etiam
661 1442 896 1517 tanquam
926 1435 1079 1499 homini
1113 1451 1361 1522 competere

147 1556 341 1600 summam
371 1534 639 1621 dignitatem,
672 1558 998 1624 supremumque
1028 1541 1070 1605 in
1091 1563 1160 1606 res
1185 1555 1359 1608 creatas

145 1641 374 1706 dominium.
407 1641 612 1724 Quapropter
642 1642 713 1725 ipse
746 1645 863 1708 haeres
892 1645 1117 1710 universorum
1147 1649 1357 1724 constitutus,

144 1767 243 1832 porro
267 1747 383 1811 sedere
406 1746 446 1808 ad
468 1746 638 1810 dexteram
660 1750 840 1832 majestatis
862 1750 893 1813 in
916 1751 1069 1828 excelsis,
1097 1754 1127 1817 in
1151 1754 1358 1839 oppositione

143 1855 343 1942 Angelorum
365 1850 633 1926 ministrantium,
665 1863 760 1937 atque
791 1854 1022 1942 primogenitus
1045 1858 1150 1921 omnis
1171 1871 1357 1934 creaturae,

143 1958 334 2045 principium
366 1977 405 2021 ac
432 1956 666 2043 primogenitus
697 1978 740 2020 ex
774 1959 927 2034 mortuis,
950 1960 981 2024 in
1011 1962 1160 2059 omnibus
1182 1964 1354 2048 primatum

141 2076 259 2128 tenens
280 2062 407 2136 dicitur,
430 2073 464 2124 et
485 2061 516 2125 ei
539 2084 695 2126 summum
719 2069 838 2128 cultum
861 2064 1075 2130 exhibendum
1098 2088 1174 2133 esse
1209 2071 1354 2136 docetur.

142 2171 239 2255 ldque
260 2170 350 2244 idco,
373 2167 519 2252 quoniam
991 2251 994 2257 ι

222 2277 253 2340 l.
277 2272 428 2337 Christus
451 2292 587 2345 causa,
609 2266 644 2333 so
659 2269 822 2354 ἀρχέτυπον
842 2284 882 2337 et
903 2274 1004 2340 linis
1026 2299 1158 2342 rerum
1180 2281 1351 2348 omnium

139 2381 346 2445 finitarum
369 2390 451 2454 est,
473 2398 532 2462 per
555 2397 648 2461 quem
672 2389 705 2441 et
725 2391 859 2464 propter
881 2402 975 2467 quem
998 2383 1104 2446 omnia
1126 2385 1259 2450 condita
1282 2396 1349 2451 sunt

139 2497 172 2549 et
193 2495 440 2557 conservantur,
463 2483 578 2568 quique
602 2503 660 2545 nos
682 2482 975 2577 Deolreconciliat.
998 2486 1208 2554 creationem
1240 2490 1349 2555 tribuit

138 2588 270 2654 Christo
288 2588 406 2652 Paulus
428 2587 557 2651 verbis:
581 2586 655 2650 Per
678 2610 791 2670 quem
813 2589 957 2672 (Filium)
975 2597 1145 2672 feritet
1165 2598 1354 2663 saecuta.

137 2692 207 2766 τούς
228 2698 337 2764 αι’ῶιας
358 2694 509 2773 ἐποίησεν,
539 2691 557 2754 i.
582 2711 609 2753 e.
642 2712 696 2754 res
726 2693 758 2755 in
786 2695 918 2759 saeculo
948 2716 1006 2759 seu
1036 2707 1184 2781 ternpore
1209 2700 1368 2764 existen·

137 2812 188 2863 tes
210 2799 248 2884 ³).
270 2800 376 2862 Porro
398 2797 561 2862 scribens:
589 2799 644 2859 Tu
665 2803 707 2860 ιἰι
724 2805 939 2882 principio
962 2813 1119 2866 terram
1134 2806 1349 2883 fundasti
1374 2825 1381 2862 ι

137 2917 178 2967 et
200 2926 321 2985 opero
343 2924 530 2966 manuum
552 2909 667 2965 tuor
683 2924 706 2964 ιι
723 2927 753 2964 ιιι
775 2913 891 2967 sent
917 2907 1026 2970 coeli.
1057 2906 1128 2970 Nec
1149 2926 1232 2982 non,
1258 2923 1396 2992 quun

137 3009 198 3073 ait:
225 3011 424 3084 Quoniam
445 3014 486 3071 ιἰι
508 3014 596 3088 ipso
620 3011 790 3071 condita
811 3019 910 3074 sunt
928 3016 1141 3085 universo,
1163 3011 1295 3092 ἐκτίσθη
1315 2998 1405 3071 ai

135 3110 239 3189 πάντα,
262 3152 302 3161 -
326 3119 459 3175 αιιιιιὲα
485 3135 559 3193 per
588 3118 737 3192 ipsum,
769 3122 807 3176 et
836 3119 1001 3197 inipso,
1032 3112 1071 3177 δι’
1096 3112 1207 3188 αὐτοῦ,
1240 3117 1293 3177 καὶ
1313 3110 1416 3175 εἰς

136 3217 240 3300 αὐτοι.
259 3219 277 3282 i.
301 3240 330 3287 e.
354 3228 487 3302 propter
510 3239 603 3294 eum,
631 3227 774 3282 ereata
795 3231 915 3295 sunt,
938 3217 1076 3284 ἔκτισται.
1108 3219 1290 3298 Quominus
1312 3210 1425 3279 ..hc

135 3324 249 3389 morali
270 3323 378 3388 mundi
399 3323 632 3387 reformatione
655 3345 713 3407 per
736 3322 900 3387 Christum
923 3324 1008 3389 lacta
1030 3324 1226 3412 cogitemus,
1250 3346 1314 3389 voc
1334 3333 1432 3378 Δ·

135 3430 244 3492 buhun
265 3431 378 3502 numa,
402 3429 485 3512 quod
519 3427 639 3491 diserte
673 3427 820 3492 omnibus
844 3429 970 3493 omnino
992 3430 1093 3492 rebus
1117 3430 1256 3506 creatis,
1280 3431 1350 3495 si‘
1384 3431 1435 3485 -li

137 3533 337 3597 coelestibus
360 3532 430 3596 sive
454 3532 675 3606 terrestribus,
701 3532 890 3616 explicatur,
915 3553 975 3598 nec
998 3554 1060 3597 non
1083 3535 1219 3599 verbum
1241 3533 1332 3610 κτίζ.
1351 3531 1439 3583 ‘'⁸‘'

135 3640 218 3703 nude
241 3638 311 3703 sine
333 3640 397 3702 ullo
420 3638 647 3713 additamento,
671 3659 732 3723 quo
755 3639 794 3702 ad
816 3639 902 3702 illam
919 3638 1191 3726 significationem
1214 3634 1386 3705 nestri
1399 3626 1439 3691 ln·

135 3755 278 3830 geretur,
301 3744 440 3829 positum
462 3765 522 3806 nos
545 3744 695 3828 prohibet
718 3745 756 3828 ⁴).
780 3743 1074 3810 Conservationem
1095 3745 1224 3810 verbis:
1249 3750 1324 3810 Po.
1404 3752 1438 3793 s·

48 3894 53 3901 ,
135 3862 231 3914 tana
253 3858 382 3914 omnia
403 3854 529 3914 verbo
550 3846 729 3913 virtutis
750 3872 862 3928 suae,
885 3853 981 3934 piper
1002 3845 1040 3913 τὰ
1058 3848 1156 3914 πάντα
1177 3856 1221 3931 τῷ
1244 3847 1439 3936 pripc’ffl

139 4044 368 4059 ’ψ

171 4160 194 4218 ¹)
214 4155 274 4207 Col.
292 4158 318 4218 2,
336 4158 363 4207 3.
380 4155 423 4208 Gt.
440 4153 526 4220 bag,
546 4151 696 4218 &intritum
715 4150 741 4205 io
761 4149 798 4205 bis
816 4147 881 4206 aas.
900 4151 944 4207 bet
962 4149 1001 4207 hi.
1018 4150 1056 4208 ὃ.
1075 4156 1102 4207 2.
1120 4151 1172 4221 ssi·
1189 4168 1216 4221 p.
1236 4156 1296 4209 294.

169 4239 194 4311 ²)
214 4247 259 4299 cr.
276 4247 345 4297 uuo.
366 4248 395 4308 1,
414 4246 457 4298 ro.
474 4243 565 4298 neor,
582 4245 615 4303 s,
633 4245 658 4295 e.
675 4242 778 4295 maran,
796 4245 830 4306 a,
847 4244 889 4293 aa.
909 4245 961 4304 ιι,
986 4244 1030 4297 aa,
1048 4243 1140 4298 mara.
1158 4245 1194 4306 a,
1224 4246 1268 4299 ro.
1284 4245 1337 4295 n.
1392 4222 1423 4275 σί·

136 4338 148 4386 l
178 4337 221 4388 2'4.

151 4370 192 4487 ’³)
209 4426 250 4479 (ll.
266 4426 353 4479 Hebr.
372 4429 412 4485 ll,
429 4429 456 4478 3.
474 4429 545 4477 Fide
563 4427 747 4485 intellipinmr,
765 4432 855 4483 orriolo
874 4441 932 4477 esse
950 4429 1061 4477 soeculo
1080 4428 1160 4477 verbo
1179 4428 1250 4478 Dei:
1268 4434 1296 4478 ιιι
1325 4420 1407 4465 Af

132 4519 313 4569 invisibilibus
329 4519 450 4567 visibilia
466 4520 568 4574 fierent.

165 4604 191 4673 i)
210 4605 252 4658 01⁴.
269 4607 356 4672 Apso.
376 4609 401 4666 lt,
421 4608 460 4658 ll.
