2926 5168
126 420 130 435 ι
204 408 232 450 a.
251 387 564 476 Benignitas’enim,
586 389 643 452 aon
669 386 893 456 bertetolentia
915 398 955 452 ac
975 377 1188 453 beneficentia
1211 391 1329 474 procul

121 491 217 560 dultin
237 513 319 558 vera
336 491 494 577 perfactio
515 503 567 557 eat
577 515 587 562 ;
609 503 643 557 et
662 490 735 556 hine
749 492 823 556 Deo
846 510 908 577 pro
928 492 999 575 ejus
1016 492 1173 558 infinitate
1190 514 1331 582 quoque,

203 703 233 766 a
253 701 414 786 idipsum
428 714 537 786 porro·
553 721 596 766 ex
621 702 885 770 consideratione
903 713 1016 766 rerum
1036 715 1222 768 creatarum
1245 705 1334 771 clare

121 806 293 894 colligitur.
304 807 386 871 Nam
406 806 582 872 bonitatem
601 806 662 881 Dei
677 805 832 870 inlinitum
849 807 1039 872 annuntiant
1060 818 1125 872 tant
1145 809 1336 874 innumerae

122 932 186 986 raa,
209 909 276 975 vita
294 910 457 984 fruentes,
479 909 594 995 quibua
612 910 706 974 Iloua
724 911 909 975 facultatem
929 911 1082 976 felicitate
1108 912 1239 977 fruendi
1257 913 1336 978 iridi·

121 1015 184 1090 dit,
215 1015 485 1102 occasionemque
507 1017 604 1100 hujus
631 1017 765 1079 uberem
788 1015 1032 1102 subministrat3
1055 1017 1335 1104 manifestamque,

121 1121 294 1184 ‹ostenduut
324 1121 495 1206 praecipue
529 1132 678 1184 naturae
696 1121 916 1208 intelligentes
954 1122 1167 1206 perfectionis
1201 1125 1336 1188 naoralia

120 1245 271 1311 capaces,
293 1237 389 1312 atque
411 1226 581 1312 speciatim
603 1227 763 1301 homines,
786 1247 867 1311 quor
890 1226 992 1302 Deua,
1016 1227 1078 1291 sibi
1099 1225 1336 1292 sufficientissi-

123 1352 210 1405 rnua,
240 1332 283 1400 ad
309 1331 483 1419 imaginem
514 1351 604 1395 suurn
627 1332 788 1405 condidit,
816 1332 857 1393 ad
879 1331 1099 1417 cognitionem
1129 1352 1170 1396 ac
1190 1352 1335 1397 amorem

122 1436 187 1512 sui,
206 1449 359 1524 tanquam
379 1437 496 1501 summi
517 1436 619 1511 Boni,
643 1449 676 1500 et
706 1437 893 1504 felicitatem
921 1435 1171 1501 inenarrabilem
1192 1438 1335 1512 vocavit,

123 1562 245 1629 eosque
265 1541 340 1607 ideo
363 1564 427 1607 non
448 1553 573 1607 tuntum
596 1542 795 1615 naturalibus
825 1542 969 1616 dotibus,
1002 1544 1061 1605 aed
1092 1553 1126 1606 et
1145 1553 1337 1626 supernatu-

123 1647 243 1712 ralibus
274 1648 465 1732 exornavit,
494 1669 593 1733 porro
625 1660 797 1734 postquam
819 1647 902 1733 lapsi
925 1659 1041 1728 erant,
1072 1648 1158 1710 haud
1179 1647 1337 1722 deseruit,

122 1754 181 1816 sed
202 1752 321 1819 iisdem
344 1753 575 1817 revelationem
597 1753 741 1827 contulit,
763 1753 837 1817 illos
858 1773 918 1837 per
939 1752 1054 1817 Filium
1077 1772 1171 1815 auum
1190 1750 1336 1838 unigeni·

122 1870 190 1923 tura
210 1859 367 1932 redemit,
399 1870 494 1944 atque
526 1879 588 1944 per
608 1859 752 1944 Spiritus
783 1860 818 1922 S.
849 1859 988 1946 gratiam
1009 1856 1207 1931 sanctificat,
1240 1857 1337 1942 inquo

122 1964 241 2032 salutis
257 1962 390 2050 negotio
413 1965 561 2048 adjuvat,
593 1975 627 2027 at
655 1983 696 2027 ne
726 1983 864 2048 unquam
896 1962 969 2027 luce
990 1961 1145 2026 coelestis
1167 1960 1340 2027 doctrinae

122 2066 188 2131 aiut
198 2066 359 2145 destituti,
377 2080 431 2133 aut
453 2069 493 2133 de
515 2068 586 2151 ejus
601 2086 745 2152 superno
769 2066 920 2130 auxilio'
910 2065 1038 2140 incerti,
1052 2065 1242 2134 Ecclesiam
1262 2063 1344 2129 visi·

122 2171 236 2247 bilem,
265 2191 339 2236 cum
371 2193 432 2258 qua
466 2192 541 2238 esse
563 2171 713 2256 promisit
736 2172 884 2236 omnibus
914 2171 1026 2236 diebus
1055 2190 1159 2259 usque
1187 2170 1229 2235 ad
1262 2190 1338 2236 con·

122 2276 368 2342 summationem
393 2277 524 2350 saeculi,
548 2276 699 2345 fundavit.

206 2383 373 2447 o-nsorv
397 2388 425 2450 l.
447 2385 657 2445 LocaillaS.
680 2385 867 2463 scripturae,
892 2387 922 2443 in
944 2386 1055 2463 quibus
1075 2383 1114 2443 de
1134 2385 1198 2454 ira,
1223 2384 1339 2454 llrrorc,

121 2491 254 2551 viudieta
282 2493 351 2569 ¹)
342 2509 373 2549 ιιι
401 2493 467 2550 ileo
499 2510 602 2550 aesino
634 2500 700 2560 est,
730 2490 887 2549 doctrinae
914 2490 951 2550 dc
980 2509 1098 2549 summa
1120 2492 1181 2549 Del
1200 2491 1342 2550 bonitate

122 2595 203 2655 haud
222 2597 357 2665 obstare,
381 2616 419 2655 ex
442 2614 534 2672 supra
562 2595 627 2670 jam
654 2594 808 2654 adnotatis
831 2603 974 2665 constat:
997 2613 1088 2672 quum
1119 2594 1210 2656 hisee
1237 2595 1338 2654 dicen·

123 2701 156 2759 di
174 2700 336 2770 arantis,
367 2701 496 2759 humano
527 2701 680 2778 cogitandi
715 2701 803 2760 modo
833 2701 1090 2770 adcommodata,
1122 2702 1249 2760 nonnisi
1280 2702 1340 2760 Del

124 2806 194 2864 mali
215 2807 397 2883 improbat-io
421 2824 457 2865 ae
477 2806 613 2881 punitio,
642 2816 730 2882 atque
757 2807 837 2883 lagia
869 2807 992 2866 diuinae
1020 2807 1170 2865 sanctitas
1198 2807 1340 2884 graviter

124 2911 210 2971 uobis
233 2911 272 2976 ob
293 2912 401 2977 oculu·
421 2906 560 2970 sistetur.
584 2930 587 2935 ⁹

207 3015 366 3076 librent.
388 3017 418 3078 2.
449 3015 532 3090 Quae
559 3017 639 3074 mala
669 3014 795 3077 adsunt:
829 3035 866 3075 aa
892 3017 1004 3092 partiar
1031 3017 1072 3075 ad*
1094 3012 1213 3081 limites
1234 3034 1339 3077 rem

124 3114 275 3181 licitarum
298 3123 493 3189 treoesaarioa
516 3121 829 3198 referenda,parti1n
856 3131 997 3199 tauquam
1027 3141 1142 3199 poenae
1170 3123 1265 3182 uobis
1283 3124 1337 3182 iru-

124 3229 248 3299 ruime,
272 3229 382 3306 quibus
400 3247 455 3305 pre
478 3227 613 3305 pocoatla
635 3229 754 3286 nustria
775 3229 952 3304 puniamur,
985 3235 1015 3286 et
1037 3228 1075 3285 ad
1095 3228 1258 3287 meliorem
1278 3229 1339 3286 stu·

123 3350 196 3410 gem
215 3350 414 3402 revocemur,
442 3333 554 3410 partlm
583 3351 659 3391 vero
686 3341 828 3410 tanquam
858 3351 927 3403 rea,
958 3334 1065 3411 qulbus
1099 3334 1130 3392 in
1159 3333 1281 3394 virtute
1305 3351 1339 3394 ao

125 3440 287 3501 sanctitate
307 3438 522 3514 maculamur,
545 3437 765 3505 consideranda
788 3446 868 3502 sunt,
1318 3450 1321 3457 ·

206 3542 372 3604 unsara.
401 3543 431 3606 3.
461 3545 608 3613 Bonitaa,
639 3546 737 3602 Deum
766 3553 884 3620 patrant
916 3544 945 3600 in
979 3561 1035 3601 noa
1063 3544 1338 3621 propensissimum

125 3648 289 3717 exhibens,
323 3666 429 3707 omues
457 3647 670 3725 gratitudinis,
699 3650 814 3709 amoris
845 3649 912 3725 spei
942 3666 979 3706 ao
1005 3648 1133 3724 pletatia
1163 3667 1283 3712 senna
1308 3653 1334 3710 ln

125 3763 227 3814 ruente
247 3763 356 3812 nosue
377 3753 501 3812 excitat.
521 3747 597 3812 Natu
619 3753 763 3831 quidquid¹
781 3772 842 3812 noa
862 3771 982 3821 sumus,
1009 3754 1131 3812 divinae
1151 3753 1284 3816 bonitati
1308 3757 1333 3815 u

125 3861 258 3938 acceptis
280 3859 452 3918 referimus.
474 3861 558 3918 Deus
582 3876 638 3917 suo
660 3860 739 3917 bono
760 3860 877 3928 bonus,
907 3861 938 3918 in
971 3878 1004 3917 se
1037 3853 1199 3918 contutans
1221 3864 1331 3942 omula3

125 3982 182 4026 noa
204 3968 305 4024 autent
335 3983 373 4022 ox
404 3963 682 4040 ejaa‘plenltudine
712 3966 900 4043 accepimus,
933 3964 1000 4039 ejus
1020 3966 1175 4025 mutate
1196 3969 1330 4036 vivimus,

125 4071 192 4146 ejus
214 4071 301 4130 donis
324 4070 509 4130 ditescimus.
531 4067 613 4130 Hinc
634 4070 709 4130 nihil
732 4080 796 4141 eat,
826 4070 903 4150 quod
934 4088 991 4129 uos
1019 4070 1120 4148 magis
1150 4071 1188 4131 ad
1219 4086 1384 4152 gratum

125 4173 259 4237 animum
280 4179 346 4235 Deo
370 4174 587 4247 exhibendum,
618 4195 744 4256 eumque
776 4175 991 4237 redamandum
1013 4186 1210 4254 permoveat,
1240 4182 1384 4263 nilque

31 4357 34 4372 .
126 4281 235 4362 quod
225 4301 255 4341 ιιι
279 4280 514 4349 necessitatibus
536 4283 668 4380 nostris
686 4291 775 4367 atque
797 4282 831 4349 in
850 4301 909 4341 an
888 4277 1016 4369 uptiis,
1034 4282 1181 4365 periculis
1203 4301 1243 4344 ae
1266 4285 1384 4351 cala·

127 4389 283 4448 unitatibus
306 4386 531 4465 quibuscunque
548 4405 604 4447 nos
626 4388 725 4469 magia
740 4388 876 4465 ἰιιιιιοΗιιι
898 4386 934 4447 ad
956 4372 1095 4451 fiduciam
1117 4386 1384 4454 noeoeane

160 4625 184 4686 ¹)
203 4622 288 4674 Dent.
306 4623 350 4687 uz,
368 4620 480 4673 21--2².
499 4556 638 4674 ni-uu.
628 4617 680 4671 l’a.
697 4620 723 4679 o,
741 4617 767 4669 2.
786 4613 873 4668 luten.
890 4617 917 4677 ⁵,
938 4614 976 4667 tt.
997 4613 1083 4669 zaclr.
1101 4617 1128 4678 8,
1145 4617 1172 4668 2.
