2926 5168
144 367 247 432 adhuc
268 366 414 430 audiatur
442 368 633 432 loannes
656 369 967 443 Damascenus,
990 370 1043 456 qui
1063 369 1192 436 scribit:
1217 373 1343 437 Iaerea·

143 483 226 550 lum,
248 487 279 537 et
294 479 366 538 sime
392 479 565 555 principio,
593 483 625 539 et
650 478 844 558 immortale,
872 479 1044 558 infinitum,
1069 486 1256 560 aeternam,
1277 499 1345 543 ma·

143 586 226 644 teria
246 602 387 662 racana,
416 583 548 657 bonam,
578 569 709 663 opifex,
731 586 876 664 justum,
905 584 1106 657 illuminans,
1132 586 1347 659 immutabile,

141 687 328 768 impatibile,
359 691 684 767 incircumscriptam,
714 691 1027 770 incomprehensam,
1057 691 1273 772 indefinitam,
1295 693 1348 752 ia·

143 812 345 875 corporeum,
373 813 437 856 mon
467 797 651 868 limitatum,
684 797 856 870 invisibile,
877 799 1018 874 coenatu
1039 798 1167 876 majac,
1186 797 1351 858 mallius

143 921 162 961 e
168 921 289 978 aene,
311 902 500 975 meramjas
514 903 567 962 rai
579 908 612 963 et
631 905 766 964 liberum
787 904 973 976 arbitrium,
996 904 1136 965 amotam
1155 903 1350 982 dominam

142 1008 325 1086 vivificans,
347 1009 542 1086 omnipotens
554 1052 566 1089 ,
588 1010 737 1089 infinitae
757 1010 937 1085 potentiae,
954 1009 1160 1088 sanctificare
1190 1000 1241 1085 (τό
1264 1003 1352 1089 ἁγια-

143 1105 270 1194 aarum),
292 1132 330 1172 ao
366 1115 598 1175 communicatu
632 1133 704 1174 ease
737 1106 967 1194 (permutando,
996 1128 1063 1195 tutti
1094 1109 1280 1196 dilatetur
1302 1129 1353 1197 get

143 1214 240 1300 tttt'sst)
247 1262 261 1297 ,
283 1219 389 1279 omnia
404 1221 565 1280 continere
583 1237 831 1294 aoeonmrrme,
842 1219 1048 1300 omnibusque
1060 1221 1238 1297 providere.
1260 1224 1360 1282 Haec

142 1324 378 1386 omniaoimilia
404 1329 518 1404 aaapte
544 1334 666 1386 natura
693 1323 801 1397 babet,
823 1343 889 1386 nom
907 1324 1037 1385 abunde
1052 1333 1178 1404 oamla,·
1199 1327 1260 1385 sed
1280 1324 1363 1403 ipsa

141 1430 239 1492 rebar
259 1451 279 1492 a
299 1451 336 1493 ee
375 1434 510 1493 conditio
544 1450 605 1508 pro
627 1433 784 1512 oajtaoque
806 1433 982 1510 capacitate
1021 1435 1136 1494 bomtom
1169 1449 1263 1491 omme
1289 1432 1363 1491 im-

139 1539 237 1613 pertit
256 1542 296 1613 ¹).

266 1638 306 1706 0.
326 1640 389 1703 Ast
400 1658 461 1703 nec
480 1657 561 1724 opus
579 1648 630 1701 est
646 1635 739 1701 hisce
756 1636 968 1713 testimoniis,
991 1659 1088 1724 quum
1109 1637 1196 1703 idem
1218 1658 1264 1703 ex
1283 1636 1365 1703 infi-

141 1743 279 1809 nitallei
290 1745 427 1830 perlecti
433 1765 494 1809 one
503 1765 562 1830 per
576 1743 680 1829 ipsam
694 1743 852 1808 rationem
864 1744 1054 1810 necessario
1065 1743 1248 1833 colligatur.
1267 1744 1366 1809 Nam

143 1870 217 1914 curn
257 1851 348 1914 Deus
376 1862 526 1935 tanquam
555 1870 613 1914 ens
639 1849 762 1914 infinite
783 1850 964 1934 perlectum
986 1870 1025 1916 ac
1048 1871 1208 1915 summum
1230 1851 1352 1915 bonum

144 1955 250 2020 omnia
272 1975 480 2042 quaecunque
507 1954 576 2018 dari
598 1966 755 2038 possunt,
785 1956 888 2030 bona,
912 1976 1012 2042 eaque
1033 1955 1065 2020 in
1096 1956 1221 2021 infinito
1245 1959 1389 2045 gradu.

143 2061 328 2147 possideat,
352 2073 385 2125 et
400 2061 505 2125 omnia
521 2060 581 2124 alia
594 2060 679 2124 bona
697 2060 787 2126 finita
808 2061 935 2126 nonnisi
964 2081 1023 2147 per
1043 2061 1151 2147 ipsum
1172 2064 1256 2127 sint:
1280 2063 1383 2148 ipse-

142 2168 228 2232 nulla
248 2189 385 2253 prorsus
406 2188 444 2231 re
466 2166 609 2255 indiget,
632 2187 736 2252 neque
752 2167 815 2231 ulla
836 2167 984 2256 indigere
1006 2179 1125 2253 potest.

141 2351 167 2432 ξ.
191 2348 257 2420 27.
280 2345 343 2418 14.
366 2350 405 2419 b.
427 2349 612 2420 Summa
625 2346 874 2430 majestate
896 2345 1188 2435 conspicuus,
1210 2349 1384 2436 atque-

425 2469 582 2523 rerum
605 2450 806 2523 omnium
827 2451 1065 2522 Dominus.

227 2621 331 2686 Simili
373 2622 469 2686 modo
511 2623 630 2688 docent
654 2625 692 2687 Α.
722 2624 783 2687 SS.
827 2621 1045 2698 Litterae,
1089 2642 1249 2689 summam
1278 2623 1380 2689 Deo·

143 2729 184 2793 ob
228 2727 382 2791 infinitam
429 2729 499 2812 ejus
546 2728 780 2814 perfectionem
817 2739 1000 2812 competere
1042 2724 1253 2815 dignitatem,
1292 2750 1389 2794 seu,

142 2853 299 2898 summam
329 2820 463 2896 ei‘esse
495 2835 764 2918 majestatem
799 2853 846 2897 ac
868 2831 1056 2921 gloriam.
1077 2832 1129 2895 Ad
1158 2833 1245 2898 hanc
1265 2834 1410 2899 euin»

141 2949 248 3002 mente
278 2938 535 3019 agnoscendam,
566 2949 662 3023 atque
692 2939 794 3001 verbo
824 2958 862 3002 ac
899 2957 999 3023 opere
1035 2935 1250 3022 profitendam
1285 2939 1420 3003 uhi-—

142 3065 203 3129 que
225 3065 285 3108 nos
314 3043 488 3108 admonent
518 3054 551 3108 et
582 3043 734 3108 excitant.
756 3044 931 3120 Afferle
949 3046 1128 3122 aloriam
1149 3048 1422 3126 Domino„-

143 3155 263 3213 clamat
285 3148 534 3223 Psalmista,
557 3153 840 3229 elbonorem,
870 3152 1034 3229 afferte
1066 3150 1250 3226 aleriam
1281 3168 1426 3213 ἰο-κ

143 3259 241 3316 mini
262 3257 364 3330 ejas.
389 3290 425 3300 —
453 3258 661 3335 'Vomiflomini
675 3275 899 3336 amperaqaae,
914 3255 1004 3316 Dens
1020 3257 1249 3323 maiestatis
1267 3258 1432 3318 toto-f

140 3365 212 3424 nott
231 3357 270 3445 ²).
291 3359 396 3442 Atque
417 3357 657 3442 Apostolus
686 3355 816 3421 scribit:
838 3361 911 3420 sire
935 3377 1010 3435 erqo
1031 3359 1255 3435 manducatis,
1286 3363 1437 3424 eioss

139 3467 264 3547 bibitio,
287 3468 353 3526 siae
370 3465 553 3545 aliadqm'd
565 3467 701 3544 soritis,
723 3467 862 3524 ommia
889 3467 934 3524 in
960 3462 1150 3540 aleriam
1179 3465 1261 3559 Dei
1278 3468 1440 3541 fol

140 3575 222 3633 cite
243 3577 283 3646 ⁸).
306 3567 390 3646 Quin
404 3567 470 3631 imo
488 3578 557 3630 tota
573 3566 763 3632 oeconomia
784 3577 852 3630 tum
873 3567 910 3629 A.
924 3576 993 3629 tum
1006 3565 1046 3630 N.
1069 3565 1111 3630 Τ.
1139 3567 1204 3633 huc
1230 3567 1452 3657 teuditssr.

142 3685 178 3737 ut
196 3676 351 3760 majestas
369 3673 434 3738 Dei
456 3674 495 3737 ab
509 3672 692 3739 hominibus
710 3683 926 3761 agnoscatur,
950 3682 1045 3758 atque
1068 3672 1174 3760 gloria
1203 3673 1278 3758 ejus
1297 3671 1451 3739 exaeae‘·

140 3791 235 3845 terna
246 3780 279 3844 in
299 3780 397 3845 terris
412 3791 658 3866 promoveatur.

223 3888 374 3952 Necnon
393 3908 492 3972 porro
513 3887 574 3951 SS.
596 3886 790 3950 Litterae
813 3886 885 3950 Deo
906 3905 1092 3973 supremum
1106 3875 1461 3951 acitlimitaturcfl

143 3991 316 4059 dominium
334 3994 366 4058 in
379 4013 435 4056 res
451 4005 597 4069 creatas,
620 4012 678 4056 seu
695 3992 966 4079 perlectissimam
978 3993 1170 4080 facultatem
1183 3994 1225 4059 de
1235 3993 1319 4082 iisde

143 4099 343 4184 disponendi,
369 4120 407 4165 ac
428 4120 540 4166 earum
555 4099 701 4164 actiones
717 4100 757 4163 ad
776 4109 887 4163 certos
899 4096 982 4164 fines
994 4098 1155 4188 dirigendi
1166 4089 1448 4166 atuihuuntJ

177 4365 323 4425 ¹)11enn.
345 4364 450 4413 ortbod.
468 4365 488 4413 l.
509 4363 536 4413 1.
557 4374 583 4413 a.
601 4365 648 4413 alt.
668 4358 738 4426 Opp.
757 4358 790 4415 Τ.
811 4365 833 4413 1.
852 4373 878 4425 1).
899 4361 956 4416 152.
975 4363 1017 4414 Cl.
1037 4367 1057 4416 l.
1077 4368 1106 4417 1.
1124 4377 1152 4417 ο.
1168 4367 1190 4416 8
1208 4379 1236 4432 p.
1257 4365 1302 4418 111
1322 4375 1392 4416 sto
1425 4351 1463 4382 ⁶⁵¹

185 4451 209 4520 2)
232 4454 281 4506 Ps.
299 4455 341 4506 28.
360 4455 438 4504 2-3.
456 4452 499 4506 ct.
517 4454 568 4506 Pe.
588 4454 647 4516 118,
666 4454 724 4514 lte,
743 4456 802 4515 150,
820 4455 858 4507 le.
876 4456 902 4515 6,
922 4457 934 4505 1
956 4469 998 4509 se.
1016 4453 1124 4508 Ezech,
1143 4456 1169 4518 1,
1186 4455 1204 4505 3
1221 4469 1267 4511 ss.
1282 4457 1362 4508 Dan.
1406 4457 1423 4480 ·
1450 4444 1463 4470 ”

146 4547 173 4610 3,
191 4542 226 4594 24
244 4557 286 4596 es.
305 4545 330 4606 7,
347 4546 365 4594 9
382 4559 408 4598 s.
425 4541 533 4594 Habac.
550 4545 576 4606 3,
596 4547 609 4594 1
629 4558 670 4594 ss.

173 4625 200 4698 ⁸)
219 4635 245 4686 1.
266 4634 332 4688 cor.
352 4637 394 4698 10,
411 4635 453 4685 31.
473 4633 517 4690 01.
535 4632 595 4686 Col.
611 4636 638 4695 3,
657 4636 697 4686 17.
