2926 5168
102 362 267 427 dPetrem
286 381 403 448 preces
428 361 537 448 dirigit
554 362 598 447 1),
622 383 718 447 porro
744 381 815 427 eum
837 362 868 427 in
889 363 992 427 coelis
1014 383 1089 429 esse
1110 376 1160 443 ²),
1183 368 1289 432 omnia

102 468 250 553 inponere
270 473 317 548 ³),
349 470 472 534 habere
497 468 595 534 vitem
616 469 648 535 in
672 489 708 533 se
729 469 822 553 ipso,
844 479 877 533 et
901 468 1031 534 dedisse
1054 491 1179 556 quoque
1195 472 1289 546 Filio,

102 575 198 638 ubere
216 573 316 638 vitum
335 574 557 659 insemetipso
578 584 625 656 4),
658 575 687 640 ei
706 575 905 640 omniuesse
923 575 1092 660 possibilia
1111 577 1161 663 ⁶),
1192 578 1232 641 ab
1250 598 1289 642 eo

102 680 139 745 ini
155 680 261 745 omnio
281 681 397 745 tradita
416 701 493 747 esse
508 689 549 757 6),
566 702 756 766 omnemque
773 682 856 747 trahi
875 681 1005 757 debere,
1020 681 1073 766 qui
1092 683 1159 746 vult
1176 683 1288 747 venire

102 786 298 851 dChristum
315 787 358 871 ⁷),
386 798 482 872 alque
507 787 594 852 illum
622 788 661 851 ab
683 788 865 852 hominibus
891 788 923 852 in
947 788 1061 872 spiritu
1087 810 1125 853 ac
1151 790 1289 853 veritate

102 894 275 956 dol-endum
299 913 373 957 esse
397 891 436 976 8),
460 894 555 958 doeet
577 893 612 977 1).
642 932 682 944 -
706 892 811 956 Simili
834 895 929 957 modo
949 893 1115 977 Apostolis
1133 896 1290 958 vocabula

102 1012 169 1063 leus
188 1008 222 1062 et
243 1000 343 1063 Pater
360 998 489 1063 Domini
513 998 619 1062 nostri
636 1000 719 1063 Jesu
745 998 868 1064 Christi
892 1020 1072 1082 synonyma
1098 1012 1182 1064 sunt.
1218 1001 1289 1065 Uno

102 1127 132 1167 ue
152 1108 388 1184 honorificetis,
411 1104 455 1168 ait
474 1104 655 1182 Paulus,
677 1108 826 1167 Deum
857 1113 905 1167 et
933 1107 1098 1168 Patrem
1125 1109 1292 1168 Domini

104 1215 218 1273 ostri
246 1211 376 1273 Jeen
407 1211 572 1274 Christi
603 1214 660 1290 ¹⁰).
691 1211 863 1274 Petrus:
886 1212 1081 1273 Benedictus
1109 1211 1239 1286 liene,
1261 1218 1293 1274 ei

111 1324 213 1379 ater
239 1321 401 1379 Domini
430 1320 566 1378 nostri
587 1324 690 1379 Jeen
714 1317 894 1395 Olarieti,
924 1320 977 1399 qni
998 1318 1171 1379 seeundum
1191 1320 1290 1378 mise·

102 1422 248 1484 *eordiam
268 1442 360 1484 enum
374 1442 522 1500 mannam
535 1442 594 1485 noe
612 1427 812 1501 reqenernvit
830 1427 867 1485 in
880 1443 966 1502 spem
985 1426 1087 1485 vinam
1104 1425 1163 1498 Η).
1184 1423 1290 1506 Atque

108 1546 288 1590 oannes:
310 1528 373 1599 Hie
394 1534 444 1589 est
464 1529 690 1604 Antichristus,
707 1534 763 1612 qni
776 1527 1051 1608 neyelPatrem
1074 1537 1106 1590 et
1125 1529 1290 1590 Filium.

102 1637 210 1705 mnis,
233 1634 287 1714 qni
309 1639 408 1711 nequi
428 1633 603 1705 Filium,
631 1653 691 1694 nee
720 1640 889 1696 Patrem
910 1634 1021 1707 nudet,
1051 1636 1106 1715 qni
1127 1636 1292 1713 confitetur

102 1737 237 1809 'ilium
261 1747 292 1800 et
313 1743 478 1799 Patrem
498 1739 594 1799 liutet
615 1745 667 1813 ¹²).
689 1736 812 1815 Quibus
835 1737 957 1801 veritas
987 1748 1098 1801 nostre
1120 1734 1290 1823 religionis

104 1840 285 1905 hristienae
301 1841 432 1927 propria
452 1853 486 1905 et
504 1841 688 1907 essentialis
711 1842 901 1907 declaratur.

203 1946 244 2012 B.
277 1946 409 2011 Patrem
446 1947 551 2012 Deum
582 1967 696 2011 verum
728 1968 822 2022 esse,
854 1969 951 2033 porro
984 1947 1067 2011 fides
1098 1946 1291 2011 universalis

111 2051 308 2116 eclesiae
329 2051 518 2136 profitetur,
543 2065 575 2117 et
592 2073 667 2116 eum
688 2054 895 2135 denominate,
918 2074 991 2118 cum
1007 2051 1200 2118 excellentia
1215 2073 1291 2139 qua·

102 2179 162 2228 un,
174 2156 280 2219 Deum
288 2156 435 2240 adpellet
451 2158 565 2230 oredo,
578 2159 677 2222 hebet
688 2158 877 2241 Symbolum
888 2155 1054 2222 Nicueno·
1064 2156 1292 2222 Constantino·

102 2262 265 2336 ditonum,
287 2265 322 2323 in
343 2262 476 2337 Deum,
498 2263 662 2325 Patrem
684 2269 1013 2341 omnipotentem,
1033 2268 1190 2344 (animem
1212 2266 1293 2326 coeli

102 2367 366 2429 Ὶ’1116066110
387 2371 498 2426 Jeenm
523 2366 845 2446 verolamium
867 2369 930 2430 Dei
957 2371 1164 2446 nniyeniinm,
1197 2374 1230 2429 et
1248 2388 1293 2429 ex

104 2479 203 2536 atre
223 2479 333 2535 natum
356 2478 431 2532 ante
453 2474 559 2534 omnia
580 2474 720 2545 saecula,
743 2472 847 2535 Deum
869 2476 908 2535 de
930 2475 1021 2543 Deo,
1040 2474 1291 2546 —eonsndslam

102 2579 190 2641 niem
216 2575 317 2640 Patri.
340 2576 508 2639 Accedunt
533 2595 667 2661 precum
686 2576 885 2659 publicarum
906 2576 1132 2642 invocationes
1152 2588 1187 2640 et
1207 2577 1291 2640 clau·

102 2683 170 2748 ilae
184 2680 445 2746 vetustissimae:
464 2685 736 2761 Omnipotens,
759 2689 1009 2762 sempiterne
1026 2685 1293 2757 Dene,Pnte1·

103 2791 211 2854 omini
230 2793 333 2851 nostri
352 2788 435 2851 Jeeu
457 2788 595 2866 Christi,
616 2822 658 2832 —
680 2794 734 2865 uni
755 2793 858 2850 tecum
878 2791 957 2850 vivit
976 2799 1007 2852 et
1026 2794 1142 2867 reynel
1161 2793 1196 2851 in
1215 2794 1290 2852 nni-

102 2901 143 2957 ‘te
163 2896 302 2974 Spirilem
322 2899 354 2956 8.
376 2893 469 2956 liene
487 2911 547 2971 per
569 2894 676 2955 omnia
697 2894 827 2956 sueonia
847 2894 1057 2959 saeculorum.

102 3058 323 3079 —d

109 3156 137 3221 1)
158 3154 243 3207 ioan.
262 3155 289 3215 8,
306 3157 348 3205 50.
369 3153 412 3208 61.
432 3157 472 3214 10,
494 3155 533 3206 15.
552 3155 593 3206 30.
610 3154 712 3206 Matth.
732 3157 772 3214 11,
791 3157 834 3206 27.
853 3154 926 3207 Lue.
947 3156 987 3216 10,
1005 3157 1048 3208 22.

108 3236 260 3313 O'Malth.
282 3245 323 3303 11,
342 3244 376 3293 25
395 3257 439 3294 ss.
455 3245 499 3305 26,
516 3247 559 3296 30.
578 3244 669 3296 Maro.
690 3245 732 3306 11,
750 3247 792 3297 36.
811 3245 883 3298 huo.
904 3246 949 3307 10,
967 3245 999 3296 21
1019 3259 1045 3298 e.
1061 3245 1094 3294 22
1101 3281 1110 3309 ,
1127 3243 1170 3296 12.
1189 3245 1233 3309 23,
1250 3243 1291 3294 31.

102 3339 118 3388 1.
138 3335 224 3387 ioan·
244 3334 285 3393 17,
304 3333 317 3380 1
338 3345 380 3384 ss.

109 3416 138 3489 3)
157 3421 260 3476 Malim
278 3423 304 3483 7,
322 3423 366 3474 21.
386 3423 426 3483 12,
444 3421 487 3474 50.
506 3426 548 3484 10,
565 3426 611 3478 32.
630 3426 670 3486 16,
691 3426 734 3479 17.
756 3427 796 3487 18,
817 3427 856 3476 10.

109 3513 138 3581 1)
158 3515 241 3565 loen.
259 3515 286 3574 5,
304 3515 347 3564 26.

113 3597 138 3671 ⁵)
158 3602 259 3655 Matlh.
277 3603 322 3664 20,
338 3601 451 3655 23-21.

112 3689 138 3758 ⁶)
158 3692 321 3757 meumes,
341 3694 381 3743 18.
400 3690 470 3743 Luo.
491 3694 531 3751 10,
548 3693 592 3743 22.

113 3780 141 3850 ⁷)
161 3770 247 3832 Joan.
265 3783 290 3842 6,
308 3781 341 3831 11
360 3797 385 3833 s.

112 3867 140 3934 ⁸)
159 3873 240 3923 Joan.
259 3871 286 3934 1,
304 3873 337 3922 23
356 3887 382 3925 ε.

113 3961 140 4025 ⁹)
161 3961 205 4014 Gi.
222 3961 327 4014 Matth.
347 3963 387 4022 16,
408 3963 450 4016 16.
468 3963 510 4023 26,
527 3962 569 4012 63.
591 3961 683 4013 Marus
703 3961 743 4022 11,
762 3962 806 4013 61.
824 3963 906 4012 doun.
927 3965 957 4023 1,
978 3962 1018 4012 11.
1035 3964 1067 4024 5,
1086 3963 1129 4014 17.
1146 3962 1188 4014 36.
1201 3964 1248 4013 ’37.
1266 3964 1292 4023 3,

102 4053 193 4103 5-18.
210 4054 254 4103 35.
270 4056 297 4113 5,
317 4054 359 4104 17.
379 4054 421 4103 18.
438 4052 481 4105 36,
500 4053 544 4103 37.
560 4051 589 4112 6,
607 4052 650 4102 32.
664 4051 708 4103 37.
722 4053 767 4102 39.
784 4052 810 4108 8,
830 4052 871 4103 16.
885 4052 928 4102 28.
947 4054 988 4112 10,
1005 4053 1050 4105 25.
1067 4051 1111 4105 29.
1130 4053 1172 4112 12,
1190 4053 1231 4102 26.
1249 4052 1291 4101 27.

102 4151 125 4207 l,
141 4144 168 4193 2.
187 4143 228 4193 11.
248 4144 290 4194 13.
311 4143 349 4194 16.
367 4143 477 4194 21)-21.
496 4141 540 4193 21.
560 4143 608 4202 15,
625 4143 652 4192 8.
669 4144 693 4192 9.
714 4142 754 4191 15.
772 4143 814 4192 23.
836 4143 877 4203 16,
896 4142 937 4190 15.
953 4141 998 4193 28.
1019 4143 1064 4201 17,
1084 4143 1111 4196 5.
1130 4142 1172 4194 11.
1190 4143 1233 4192 21.
1251 4141 1294 4191 21.

117 4229 156 4294 ¹⁰)
173 4234 257 4284 Rom.
276 4234 317 4295 15,
335 4233 361 4285 6.
380 4230 425 4283 61.
441 4232 468 4293 8,
486 4232 510 4281 3.
528 4233 572 4284 22.
590 4231 615 4283 2.
634 4229 701 4283 Cor.
721 4233 744 4292 1,
762 4233 787 4281 3.
806 4233 845 4300 ll,
863 4233 908 4286 31.
926 4230 1029 4298 Ephes.
1051 4233 1082 4297 1,
1100 4233 1125 4282 3.
1145 4231 1188 4285 17.
1205 4231 1231 4294 3,
1251 4231 1292 4282 11.

104 4319 536 4384 mnummnenm

119 4408 388 4477 memmne

119 4501 912 4567 wmmmemmnmmnmmmnn
