2926 5168
128 214 190 282 ‘128

120 367 192 451 quia
214 367 359 442 mundus,
383 380 417 429 ut
439 368 538 441 Deus,
561 388 644 431 unus
667 378 699 430 et
720 367 822 431 trinus
847 379 914 442 est,
937 366 1098 452 posterius
1120 381 1231 433 autem
1253 390 1328 454 quo·

123 471 206 534 niam
229 473 319 535 Deus
343 468 523 537 substantia
544 494 645 554 unus,
680 485 712 537 et
733 469 945 537 subsistentia
966 493 1025 536 seu
1047 472 1213 538 existendi
1235 476 1331 539 modo

121 576 243 650 trinua,
266 578 402 641 mundus
430 598 510 642 vero
535 576 714 642 substantia
739 578 851 652 trinus,
876 590 908 641 et
929 577 1139 642 subsistentia
1157 600 1242 644 unus
1269 590 1330 654 est,

121 680 214 765 idque
233 681 356 764 pariter
375 684 490 745 nullam
513 681 605 745 aliam
625 683 665 745 ob
684 702 832 756 causam,
864 703 958 768 quarn
979 682 1051 768 quia
1081 682 1191 747 finitus
1212 695 1274 756 est,
1298 695 1330 747 et

121 785 246 870 quidem
266 807 323 871 per
340 807 386 860 se,
409 798 549 851 attamen
569 808 632 849 non
648 788 794 851 absolute
814 786 943 862 existit,
967 799 1062 872 atque
1080 798 1225 862 tantum,
1251 808 1331 872 qua·

122 901 213 954 tenus
240 892 308 975 ejus
326 912 429 975 capax
448 903 515 965 cst,
544 890 781 975 imperfectam,
804 893 889 956 haud
911 892 942 955 in
967 912 1004 955 se
1027 892 1258 965 rrccessariam,
1282 892 1328 956 sui

121 995 355 1080 cognitionem,
379 1017 499 1060 meram
518 996 692 1083 imaginem
709 1018 768 1059 seu
788 993 891 1071 σκιὰν,
915 1007 948 1058 et
966 996 1188 1081 imperfectam
1210 997 1326 1083 pariter

121 1099 169 1163 sui
204 1100 426 1184 dilectionem,
460 1121 582 1165 meram
615 1100 713 1164 animi
755 1098 977 1174 affectionem,
1009 1100 1160 1173 exhibet,
1192 1101 1325 1187 ideoque

120 1206 241 1270 realem
259 1206 508 1287 distinctionem,
532 1205 591 1268 nisi
611 1205 654 1268 sit.
670 1204 888 1280 substantiae,
912 1224 971 1268 seu
997 1205 1169 1280 essentiae,
1193 1229 1257 1271 non
1276 1208 1323 1270 ad·

121 1311 225 1374 mittit.
247 1312 361 1377 Relert
376 1311 482 1396 itaque
502 1311 638 1374 mundus
653 1311 715 1401 Dei
732 1309 926 1397 imaginem,
951 1312 1009 1374 sed
1037 1313 1132 1375 modo
1159 1311 1261 1386 finito,
1285 1323 1324 1375 at·

124 1436 185 1500 que
208 1427 259 1479 est
281 1417 350 1499 ejus
372 1415 538 1486 revelatio,
561 1427 611 1478 ast
633 1399 832 1500 nequaquam
855 1415 1003 1479 absoluta
1027 1425 1064 1494 ¹).

204 1519 284 1584 Cum
306 1540 386 1608 ergo
412 1522 547 1585 mundus
567 1520 686 1604 triplex
704 1541 808 1608 gertus
833 1532 1018 1585 naturarum
1042 1534 1234 1597 creatarum,
1255 1543 1273 1586 a
1294 1543 1324 1585 se

121 1623 191 1707 ipsa
221 1625 364 1688 essentia
397 1645 455 1687 seu
485 1624 664 1688 substantia
686 1624 924 1697 distinctarum,
958 1627 1227 1711 comprehendat:
1258 1629 1324 1712 jure

123 1729 301 1794 doctrinam
329 1729 505 1792 revelatam
537 1729 576 1792 de
598 1728 649 1792 bis
673 1728 705 1792 in
732 1741 801 1792 tres
828 1742 938 1815 partes
980 1730 1165 1806 dividimus,
1199 1752 1324 1816 quarum

126 1853 300 1916 praesens,
322 1845 358 1896 ut
384 1855 482 1918 supra
503 1834 571 1917 jam
598 1833 716 1898 dictum
749 1845 820 1909 est,
860 1834 929 1921 agit
965 1836 1212 1900 denatura
1244 1836 1325 1921 spi·

122 1938 308 2001 rituali
339 1959 397 2002 seu
428 1937 652 2026 angelica,
684 1958 824 2023 sequens
855 1943 892 2002 de
915 1951 1062 2003 natura
1083 1941 1277 2021 hnmana,
1300 1952 1325 2004 et

125 2042 234 2106 ultima
264 2043 474 2107 denatura
498 2043 733 2128 corporali,
764 2064 823 2107 seu
855 2044 1051 2129 physica,
1083 2046 1153 2118 vel,
1186 2058 1221 2110 ut
1250 2045 1324 2111 Con·

123 2146 230 2210 cilium
258 2148 397 2213 Later.
420 2149 475 2212 lv.
501 2169 570 2213 eam
591 2150 749 2233 adpellat,
771 2149 1000 2222 mundana,
1032 2149 1105 2234 quin
1127 2162 1237 2214 tamen
1259 2171 1324 2236 pro·

124 2263 236 2335 pterea
259 2263 399 2316 mutuam
409 2252 521 2315 harum
538 2252 634 2316 trium
657 2252 800 2316 universi
818 2253 957 2338 partium
978 2253 1251 2320 necessitudinem
1279 2276 1324 2320 ne·

124 2356 295 2442 gligamus.
865 2344 869 2362 ’

512 2591 538 2660 b·
561 2585 597 2654 2.
619 2583 749 2654 Notio
772 2584 946 2672 Angeli.

205 2773 348 2836 Primum
377 2774 481 2838 locum
504 2772 587 2837 inter
609 2795 666 2838 res
694 2786 822 2839 creatas
849 2775 920 2839 sine
951 2777 1046 2841 dubio
1071 2789 1161 2843 tenet
1182 2792 1327 2845 natura

124 2877 385 2962 spiritualis,
408 2877 496 2940 οὐσία
516 2877 703 2962 πνευματική,
727 2880 997 2963 perfectissimum
1013 2880 1138 2946 ἔκτυπον
1152 2882 1228 2966 Dei,
1253 2903 1327 2969 quae

128 2994 201 3045 sunt
233 2983 365 3066 spiritus
395 2982 480 3046 inter
509 2983 614 3047 Deum
647 2997 679 3048 et
709 2984 855 3049 homines
890 2985 1069 3071 interjecti,
1101 3007 1183 3072 quos
1211 2988 1328 3053 caeteri

123 3092 295 3151 daemones
326 3088 397 3151 sive
432 3094 563 3168 qenins,
602 3091 706 3154 nostri
746 3102 852 3154 autem
883 3094 1026 3171 Anqeloa
1064 3093 1267 3175 adpellarunt
1295 3095 1327 3178 ²),

123 3214 185 3257 una
207 3205 314 3257 autem
338 3192 476 3256 diversis
504 3193 554 3257 bis
578 3193 887 3259 denominationibus
910 3195 1056 3259 diversas
1078 3197 1230 3260 notiones
1253 3199 1328 3263 sub-

120 3298 283 3380 jicientes.

205 3402 260 3467 Ex
279 3406 386 3466 mente
402 3402 573 3467 Ecclesiae
594 3403 781 3470 Catholicae
795 3404 925 3470 nomine
941 3408 1027 3493 Aug
1038 3406 1074 3469 el
1085 3427 1196 3470 orum
1221 3405 1326 3472 intelli·

87 3545 90 3551 ,
124 3519 244 3594 guntur
265 3520 439 3571 naturae
461 3507 742 3591 spirituales,
774 3509 939 3585 finitae,
961 3510 1196 3575 hominibus
1219 3517 1323 3596 sup'e·

123 3612 289 3686 riores,
320 3632 423 3697 quae
445 3624 604 3675 terram
625 3614 725 3678 hanc
748 3614 921 3699 quidem
943 3636 1021 3679 non
1041 3615 1236 3680 incolunt
1257 3616 1322 3680 sal·

125 3729 206 3781 tem
236 3738 317 3780 non
345 3718 487 3780 modo
521 3717 745 3795 sensibili,
774 3730 958 3784 attamen
987 3721 1212 3786 nobiseum
1243 3741 1318 3786 con·

126 3833 373 3896 nectuntur,
404 3834 525 3907 atque
553 3823 730 3888 salutem
760 3836 941 3890 nostram
972 3827 1037 3890 vel
1067 3844 1316 3910 promovere,

125 3929 186 3991 vel
209 3948 311 3991 vero
334 3927 459 3990 etiam
481 3927 681 4012 impedire
704 3943 919 4018 satagunt,
952 3951 1025 4016 pro
1057 3951 1128 3995 sua
1159 3931 1314 3995 scilicet

125 4037 193 4095 vel
224 4033 329 4096 bona
359 4033 428 4095 vel
457 4033 563 4096 mala
589 4032 736 4098 indole.
766 4034 858 4099 Unde
895 4047 929 4100 et
958 4035 1108 4124 Angeli
1147 4034 1315 4101 boniet

125 4137 224 4200 mali
248 4135 479 4200 discernuntur.

161 4490 183 4553 ι)
203 4489 245 4539 cr.
262 4490 345 4540 nom.
366 4490 388 4547 ι,
409 4489 517 4540 ro-ao.

160 4575 729 4641 ²)ct.s.aurnstln.neciv.n.t.
749 4575 1121 4644 9.r.19.0pp.T·t·a
1140 4579 1200 4635 2³³.
