2926 5168
126 210 190 284 4⁰8

212 363 480 432 Conservsri
502 375 608 427 autem
631 382 650 425 a
671 361 758 424 Deo
780 361 980 433 mundum,
1000 379 1059 423 seu
1081 378 1253 422 omnesne
1277 358 1340 423 sin·

123 473 217 559 gulas
232 493 288 536 res
307 480 447 542 creatas,
469 468 631 532 luculenta
648 475 809 529 testantur
826 465 865 528 A.
886 463 921 529 S.
950 462 1203 548 scripturae
1232 462 1339 529 effata.

124 574 165 640 Et
185 576 312 661 quidem
331 576 484 640 docetur:
851 576 853 580 ‘

207 703 234 747 a.
256 682 362 746 Deum
382 701 475 755 esse,
499 680 591 763 eujus
612 678 777 743 voluntate
798 675 1009 762 omnipotenti
1030 677 1136 741 omnia
1155 689 1189 741 et
1212 677 1340 763 singulo

123 787 309 872 persistant.
333 789 391 852 Sic
416 785 535 873 legitur
557 785 590 849 in
616 784 815 849 Psalmis:
850 787 1012 849 fundasti
1033 793 1174 858 terram,
1204 791 1239 848 et
1256 805 1336 862 per-

72 961 74 966 ,
122 902 239 957 manet.
264 895 549 956 ordinatione
570 898 639 954 tua
668 894 1064 972 perseveratdiss,
1096 888 1116 953 i.
1143 909 1171 952 e.
1198 901 1338 974 tempus,

123 1017 183 1060 seu
200 1018 249 1074 ea,
273 996 406 1083 quaein
431 1008 579 1081 tempore
600 995 761 1059 existuntt
793 999 942 1079 quoniam
968 998 1075 1058 amnia
1098 997 1246 1056 seruiunt
1270 999 1338 1074 titi,

123 1104 142 1167 i.
167 1124 232 1191 ea
254 1115 286 1167 te
308 1104 450 1186 pendent
472 1107 509 1182 ¹).
539 1102 575 1164 ln
604 1101 686 1165 libro
709 1100 981 1185 Sapientiae:
1005 1104 1161 1179 viticis
1194 1104 1338 1174 omnia,

123 1231 227 1292 quae
248 1209 552 1290 sant,·etnc'ltil
581 1209 712 1270 odisti
742 1228 903 1279 eorum,
936 1227 1040 1290 quae
1064 1209 1239 1286 fecisti:
1280 1227 1339 1268 nec

122 1320 207 1377 enim
222 1317 332 1376 odiens
347 1316 472 1398 aliquid
484 1316 690 1392 constituisti,
713 1320 771 1374 aut
785 1317 906 1393 fecisti.
932 1312 1094 1388 Quomodo
1107 1319 1212 1373 autem
1227 1309 1337 1395 (enim)

119 1427 270 1500 posset
286 1422 409 1504 aliquid
425 1437 682 1499 permanere,
704 1420 793 1479 nisi
814 1424 854 1480 tn
874 1417 1108 1480 coluisses?
1129 1423 1187 1477 aut
1212 1424 1298 1498 quud
1318 1437 1338 1477 a

121 1532 157 1586 te
179 1535 368 1588 uocatam
391 1521 552 1606 [existere
566 1522 709 1606 jussum)
724 1542 803 1584 non
818 1533 941 1595 esset,
964 1520 1157 1606 (quomodo)
1176 1541 1337 1584 conser-

125 1635 295 1691 varetur
325 1626 377 1712 ²)?
403 1626 497 1709 Apud
528 1625 696 1689 lsaiam:
726 1627 848 1690 Leonte
876 1631 911 1689 in
943 1628 1108 1690 encelsunc
1135 1631 1246 1689 acatos
1275 1647 1331 1686 ne-

122 1739 218 1802 strus,
241 1738 272 1793 et
288 1733 388 1793 uidete
408 1735 481 1814 quis
498 1734 620 1794 creavit
636 1732 733 1792 haec:
755 1738 809 1813 qui
837 1733 981 1793 educit
999 1735 1041 1793 in
1067 1751 1238 1793 numero
1268 1734 1334 1791 mi-

122 1841 257 1898 titiam
280 1856 431 1915 eorum,
452 1834 471 1898 i.
487 1855 514 1898 e.
533 1833 611 1898 oriri
627 1833 705 1898 facit
724 1834 836 1898 ordine
861 1855 1007 1919 quaeque
1030 1855 1107 1908 suo,
1143 1846 1178 1898 et
1195 1833 1280 1910 viee,
1304 1843 1335 1896 et

123 1939 213 2010 loco,
244 1936 305 2001 sihi
329 1937 515 2023 assignato,
548 1947 580 2001 et
600 1948 713 2003 'cmm
737 1961 780 2002 ea
807 1943 934 2002 nomine
955 1949 1048 2003 coeat
1073 1941 1093 2004 i.
1114 1961 1141 2004 e.
1166 1938 1276 2003 omnia
1294 1937 1335 2002 ita

122 2041 211 2105 nutui
233 2063 292 2105 suo
308 2042 524 2127 obsequentia
544 2043 661 2116 habet,
691 2053 724 2105 ut
749 2043 843 2126 jussa
868 2062 946 2104 mox
966 2042 1069 2107 insteu·
1099 2042 1334 2128 promtissima·

122 2166 194 2210 rum
223 2143 355 2208 militum
375 2145 559 2219 adcurrunt,
583 2156 616 2208 et
635 2156 780 2228 pareant
793 2152 832 2221 ³).
854 2144 899 2209 Et
918 2167 1055 2217 rursus:
1073 2152 1235 2212 Dominus
1249 2150 1336 2211 Deus

123 2271 241 2314 necne
262 2252 377 2324 coelos,
399 2258 432 2313 et
447 2259 626 2313 estendens
644 2270 716 2313 eos.-
739 2256 929 2330 firmans
947 2255 1182 2331 (conservans)
1198 2261 1335 2317 terram:

124 2365 155 2419 et
170 2376 252 2437 anae
267 2361 507 2433 nominantes
523 2376 577 2419 ea.-
604 2359 705 2418 dans
723 2356 881 2434 flatum
899 2361 1074 2437 popula,
1098 2362 1154 2441 qui
1173 2369 1334 2438 estsuper

123 2483 206 2542 eam,
229 2467 262 2523 et
276 2464 475 2540 spiritam
494 2463 693 2524 calcantibus
709 2481 779 2522 eam
799 2463 843 2541 ⁴).
866 2496 904 2508 —
929 2459 1135 2526 Christus
1154 2473 1263 2527 sutem
1281 2465 1335 2524 sit:

123 2570 224 2630 Pater
239 2587 329 2628 muts
346 2586 479 2646 usque
500 2569 611 2628 modo
633 2575 845 2647 operatur,
868 2577 901 2629 et
923 2589 981 2645 eya
1002 2588 1155 2647 operor
1171 2566 1209 2652 ⁵).
1233 2567 1334 2650 Atque

127 2674 209 2756 Apo
220 2670 367 2734 stolus:
390 2672 489 2745 Deus,
511 2676 566 2754 qui
579 2677 662 2751 fecit
676 2676 841 2751 mundum,
864 2680 896 2734 et
909 2677 1027 2748 omniu,
1050 2693 1134 2757 quae
1148 2677 1184 2735 in
1202 2695 1239 2734 eo
1254 2682 1336 2743 sunt,

122 2780 176 2839 ln'c
195 2777 292 2856 coeti,
314 2782 344 2837 et
362 2783 468 2837 terrae
490 2797 562 2838 cum
585 2783 628 2840 sit
650 2781 822 2851 Dominus,
851 2799 917 2840 non
941 2782 975 2840 in
996 2781 1198 2854 manufactis
1216 2783 1336 2856 templis

124 2886 257 2961 habitat,
279 2902 339 2943 nec
357 2884 503 2944 mantibus
520 2884 674 2946 humanis
693 2887 806 2947 colitur
834 2886 980 2962 indicens
997 2886 1123 2963 aliana.
1157 2904 1228 2945 cam
1251 2888 1337 2963 ipss

72 3059 75 3063 ¹
126 2988 403 3050 detomnibns
424 2991 566 3063 citant,
595 2992 1000 3069 etinspiratiouem,
1029 2994 1067 3051 et
1096 2991 1336 3063 omniaese·

126 3098 262 3173 sitque
283 3113 334 3155 en
355 3114 429 3163 uno
458 3114 575 3157 omne
600 3114 734 3172 uenus
766 3096 979 3156 hominum
1006 3098 1251 3155 inhabitare
1272 3113 1337 3154 su·

123 3221 197 3281 per
217 3203 459 3261 universnm
488 3204 642 3279 faciem
672 3210 828 3278 terrae,
859 3201 1015 3278 definiens
1036 3204 1156 3260 statuta
1187 3205 1337 3278 tempora,

127 3314 158 3368 et
173 3309 324 3368 ternunos
337 3308 542 3367 habitationis
555 3324 675 3376 corant,
697 3323 854 3387 quaerere
867 3310 994 3384 Deum,
1015 3309 1045 3365 si
1065 3305 1156 3378 forte
1175 3305 1339 3365 attrectent

128 3432 211 3486 eum,
234 3417 291 3471 aut
303 3414 474 3483 inveniant,
499 3414 644 3490 quamuis
670 3429 736 3471 non
758 3411 852 3487 lonae
867 3387 911 3470 sit
927 3410 966 3469 ab
982 3427 1170 3490 unoquoque
1187 3415 1338 3469 nastrun.

128 3519 179 3578 In
200 3521 293 3596 ipso
314 3521 482 3597 (tanquam
511 3532 609 3577 eausa
634 3512 833 3590 existendi),
865 3517 965 3575 enim
986 3516 1183 3585 vivimus,
1216 3517 1254 3574 et
1272 3532 1337 3572 mo·

131 3640 277 3699 camur,
299 3630 341 3682 et
361 3637 504 3680 snmus
521 3617 558 3702 ὅ).
575 3617 619 3680 Et
638 3615 728 3680 alibi:
751 3626 796 3681 Et
810 3623 877 3698 ipse
904 3615 1033 3701 (Filius)
1052 3623 1125 3679 aute
1144 3637 1254 3680 amnes
1274 3609 1337 3701 (τρὸ

131 3730 266 3800 πάντων,
289 3722 378 3808 prior
400 3733 455 3785 sut
469 3722 632 3786 excelsior
648 3721 828 3798 omnibus),
859 3730 897 3784 et
917 3724 1048 3784 omnia
1069 3724 1225 3798 inipso
1246 3741 1336 3782 con·

129 3838 246 3894 stant
267 3838 304 3910 ⁷).
333 3831 440 3914 Atque
457 3827 595 3893 iterum:
621 3828 684 3904 Qui
701 3848 772 3892 cam
790 3832 833 3890 sit
851 3828 1001 3905 splendor
1018 3826 1143 3904 alariae
1150 3871 1163 3906 ,
1187 3837 1219 3890 et
1233 3829 1335 3906 fiqura

167 4041 192 4100 ¹)
210 4038 260 4090 Pe·
281 4040 339 4099 tto,
356 4039 468 4092 oo-ot.

166 4131 191 4192 π)
210 4129 276 4193 sap.
295 4129 337 4188 ιι,
355 4128 467 4180 ae-as.

167 4221 192 4280 θ)
210 4217 249 4268 Is.
269 4217 373 4277 nuto.

167 4305 194 4371 ¹0)
212 4311 255 4370 tt,
273 4308 300 4358 5.
381 4307 383 4312 ’

171 4390 199 4463 ⁵)
217 4397 300 4448 Joan.
317 4397 343 4456 5,
362 4397 403 4445 17.

168 4478 193 4549 ⁶)
211 4485 274 4536 noi.
296 4485 336 4544 ιτ,
354 4484 466 4536 en-as.

170 4573 194 4641 ⁷)
213 4573 273 4627 col.
294 4577 318 4637 1,
338 4574 379 4627 1⁷.
