2926 5168
207 160 285 324 cm

218 376 337 471 adorat
359 415 396 483 ¹).
419 406 464 472 Et
485 417 598 470 auctor
617 371 691 471 libri
707 409 976 488 Sapientiae:
1000 364 1288 492 Denspatrum
1282 374 1429 501 mearum,

230 520 263 574 st
280 513 416 580 Domine
436 517 693 594 misericordiae,
724 521 792 598 qui
816 522 969 598 fecisti
991 519 1127 579 amnia
1135 523 1281 607 aerbo
1299 529 1368 607 tao
1390 526 1429 607 ¹).

227 615 261 681 ln
274 616 399 702 ‚quibus
420 615 501 681 loeis
522 614 628 702 itaque
644 629 736 682 recte
757 618 844 694 illud,
860 621 951 708 ‘quod
963 584 1115 687 Ecclesia
1132 590 1306 691 Catbolica
1325 596 1427 715 ‚docet

213 722 379 795 ,traditum
410 721 516 787 Deum
547 720 708 801 nimirum,
742 736 775 788 et
795 745 859 788 non
887 745 945 788 ens
975 723 1101 813 aliquod
1128 726 1230 815 aliud,
1261 742 1318 817 apt
1338 731 1426 811 etiarn

223 829 389 916 Angelos,
412 827 526 903 omnia,
549 847 755 914 quaecunque
789 831 964 894 secrrridum
997 852 1088 896 suem
1110 831 1272 923 infinitam·
1296 824 1425 924 volucrit

91 1008 95 1016 ι
136 1020 138 1023 ¹
224 933 423 1019 sapientiam,
446 933 591 1018 nullaque
621 933 818 1000 necessitate
847 948 1013 1013 coactum,
1036 938 1113 1026 sola,
1127 938 1343 1028 omnipotenti
1372 944 1423 1029 vir·

224 1051 372 1113 anesus,
397 1051 429 1103 ct
448 1039 532 1103 nulla
551 1037 647 1102 etiam
669 1039 805 1104 materia
826 1041 1082 1124 praeexistente,
1105 1044 1304 1123 condidisse.
1328 1085 1368 1113 ..-
1397 1049 1421 1115 b

223 1144 314 1209 libris
336 1145 376 1208 N.
400 1143 442 1208 Τ.
465 1155 582 1217 autem,
605 1143 787 1229 etquidem
808 1144 840 1208 in
861 1146 954 1211 Actis
976 1147 1202 1232 Apostolorum
1225 1152 1316 1235 ajunt
1337 1127 1421 1217 Pau·

222 1249 287 1313 lus
311 1260 344 1312 et
363 1247 585 1314 Barnabas
608 1248 648 1309 ad
669 1244 889 1331 Lystrebses,
913 1249 965 1335 qui
987 1249 1051 1318 illis
1073 1263 1224 1339 tanquam
1247 1255 1310 1320 diis
1342 1277 1421 1322 sacra

223 1352 333 1418 lacere
355 1355 523 1427 volebant:
558 1356 627 1415 Viri
646 1361 723 1435 quid
745 1361 825 1417 baec
839 1359 981 1435 facitis?
1001 1365 1032 1418 et
1055 1379 1116 1421 nos
1140 1367 1293 1441 mortales
1313 1384 1419 1441 sumar,

223 1464 345 1521 similes
363 1461 449 1520 cabis
462 1461 614 1529 tornines,
636 1465 865 1521 annuntiantes
881 1465 969 1523 uobis
989 1464 1028 1523 ab
1049 1465 1102 1524 lais
1120 1469 1214 1528 cauis
1235 1473 1376 1549 concerti
1390 1475 1421 1528 at

181 1577 184 1582 '
224 1566 329 1627 Deum
355 1569 480 1635 einum,
515 1567 900 1646 quifscitcaetum,
930 1573 1160 1650 atterram,
1182 1578 1421 1654 ‚etmaraet

224 1675 377 1744 omnia,
412 1692 515 1752 quaa
545 1674 585 1730 in
616 1676 677 1730 ets
706 1676 806 1729 sunt
826 1671 871 1748 ³)
901 1668 988 1733 Alibi
1017 1671 1130 1736 scribit
1158 1672 1245 1737 idem
1267 1673 1418 1753 Partus:

232 1773 422 1850 Quoniam
410 1796 452 1836 ιιι
483 1779 568 1854 ipso
596 1771 709 1859 (Filia)
740 1776 903 1838 condita
925 1784 1022 1838 suut
1049 1784 1250 1843 universa
1272 1786 1308 1844 in
1327 1783 1417 1871 eqeb,

229 1888 290 1942 et
278 1900 312 1943 aa
332 1887 430 1954 terra,
452 1883 655 1949 visibilia,
678 1885 716 1939 et
735 1882 995 1960 invisibilia,
1016 1889 1084 1944 siae
1103 1885 1220 1960 throni,
1242 1890 1312 1949 sine
1333 1858 1418 1949 clami·

226 1989 396 2064 nationes,
416 1989 483 2047 siae
501 1988 715 2063 principatus,
737 1989 805 2045 sive
823 1992 1014 2063 potestates:
1043 1977 1179 2050 omnia
1196 2011 1274 2070 per
1294 1996 1418 2073 ipsun,

227 2094 431 2169 etinipso
461 2095 604 2151 creatu
634 2088 788 2171 sustu.
816 2088 923 2174 Atque
952 2112 1086 2156 rursus:
1117 2093 1418 2175 Fideiatellipimm,

207 2202 377 2276 ,aptatu
399 2215 493 2256 esse
513 2199 685 2255 saecuta
705 2200 838 2256 uerba
858 2196 959 2256 Dei:
988 2203 1034 2257 ut
1061 2219 1110 2261 ea
1131 2201 1417 2265 invisibilibus

226 2301 444 2371 visibilia,
475 2295 514 2380 μὴ
544 2278 779 2380 inperceptiora
799 2293 836 2358 soi
856 2296 1039 2380 βλεπόμενα,
1067 2299 1088 2364 i.
1121 2320 1148 2366 e.
1172 2299 1210 2364 τὰ
1237 2293 1320 2367 ὄντα
1324 2266 1417 2378 tisis

228 2397 339 2487 imae,
358 2409 523 2486 fierent
496 2413 506 2447 ⁵
527 2405 601 2469 ltt
621 2406 644 2467 J
653 2423 835 2469 oannes:
857 2407 989 2484 Dipnus
1010 2428 1044 2469 es
1065 2408 1203 2470 Domine
1221 2392 1316 2493 Deus
1331 2415 1417 2505 nasta

229 2515 549 2590 permanaturam,
580 2513 805 2584 ethonorem,
836 2517 1060 2585 etairtutem,
1091 2517 1167 2595 quia
1200 2523 1247 2574 tu
1277 2516 1417 2577 creasti
1451 2522 1453 2531 ·

231 2621 377 2690 omnin,
409 2622 441 2676 et
466 2623 635 2696 propter
662 2623 913 2679 uoluntatem
941 2623 1065 2691 tuam,
1093 2610 1146 2679 bari
1169 2611 1204 2677 ci
1230 2615 1350 2700 θέλημά
1370 2636 1415 2686 ιιι,

232 2733 363 2800 erant,
384 2728 591 2783 etcreata
611 2730 709 2784 sunt
729 2730 769 2801 ⁶).
791 2720 920 2785 Docent
945 2718 1414 2809 ergoetiamanetoresN.'l¹.,

232 2824 346 2889 aDeo
379 2824 419 2887 ad
444 2845 537 2889 suurn
567 2823 733 2888 arbitrium
760 2825 865 2889 omnia
890 2845 965 2889 esse
989 2824 1119 2890 condita
1136 2846 1180 2890 ex
1199 2825 1317 2902 nihilo,
1344 2810 1414 2890 iub

234 2948 276 2993 ex
297 2949 361 2992 non
384 2927 598 2994 existentibus
621 2929 795 2993 existentia
815 2929 938 2994 lierent.

357 3032 393 3096 Β.
414 3034 462 3099 lta
490 3053 615 3120 quoque
636 3033 806 3098 Ecclesiae
837 3035 983 3112 Patres
1005 3031 1204 3119 antiquiores
1227 3036 1346 3124 dogma
1366 3031 1413 3123 0⁸·

232 3137 385 3202 tbolicum
408 3149 520 3203 contra
542 3158 673 3202 errores
695 3138 806 3205 varios
835 3159 933 3223 supra
965 3137 1135 3224 expositos
1166 3150 1301 3204 strenue
1333 3136 1413 3221 delen

233 3244 326 3324 dunt,
350 3255 444 3328 atque
463 3246 568 3310 Deum
595 3264 670 3307 esse
693 3264 803 3308 rerum
830 3243 971 3309 omnium
995 3243 1188 3308 Creatorem
1216 3265 1318 3309 sensu
1344 3259 1412 3333 quan

231 3347 371 3413 maxime
396 3348 528 3434 proprio
564 3351 691 3414 docent.
725 3347 781 3413 Sic
804 3346 996 3411 sententiam
1031 3348 1079 3412 de
1111 3348 1266 3412 mundo
1288 3368 1338 3437 es
1356 3347 1412 3412 lor·

232 3453 342 3518 tuita
363 3465 589 3518 atomorum
611 3452 887 3518 concursione
910 3463 1008 3516 orto
1038 3434 1152 3519 irridet
1178 3430 1410 3519 Lactantius,

232 3570 265 3621 et
286 3569 457 3644 postquam
477 3558 630 3643 ineptiam
646 3559 740 3641 hujus
763 3557 934 3622 commenti
951 3559 1147 3633 ostenderat,
1170 3559 1333 3625 concludit
1344 3555 1409 3620 bace

232 3663 354 3728 verbis:
377 3667 439 3728 Est
461 3670 559 3744 ipitur
581 3667 687 3728 divina
701 3668 920 3746 prouidentia,
941 3687 996 3745 ιιιι
996 3669 1018 3744 j
1023 3687 1071 3728 ua
1103 3672 1141 3727 oi
1162 3685 1213 3727 ac
1231 3664 1409 3747 pererrare

233 3775 377 3843 amnia,
401 3790 503 3851 quae
524 3773 726 3851 uidemus,
749 3777 788 3832 et
807 3776 921 3850 sacta
943 3777 1058 3850 sunt,
1082 3770 1407 3848 erementanos

233 3880 315 3936 enim
336 3882 425 3939 tanta
446 3896 555 3938 rerum
575 3883 771 3953 mapniturto,
792 3882 881 3936 tanta
902 3875 1080 3955 dispositio,
1102 3881 1192 3936 tanta
1213 3881 1249 3937 in
1269 3868 1405 3938 aaran&

232 3983 394 4043 ordinibus
409 3984 665 4062 temporibusque
681 3984 869 4054 constantia,
893 3986 950 4042 aut
970 3982 1064 4041 otim
1075 4001 1097 4057 p
1108 3999 1126 4040 a
1136 3984 1222 4044 tuit
1239 3987 1327 4043 sins
1339 3989 1401 4057 pra·

265 4201 275 4236 ¹
306 4200 333 4252 2.
352 4197 439 4251 Esdr.
458 4200 485 4260 a,
502 4200 527 4248 6.
545 4197 590 4250 (lt.
607 4199 634 4251 2.
652 4195 787 4249 Machab.
807 4198 832 4259 1,
849 4195 894 4249 ab.

265 4281 277 4316 ²
308 4287 376 4352 Sap.
394 4291 420 4346 9,
440 4289 464 4337 1.
483 4285 526 4338 cl.
546 4289 569 4347 1,
590 4287 629 4336 lb.
649 4288 690 4347 13,
708 4289 784 4336 3-9.
803 4289 833 4336 et
851 4286 938 4338 Pron.
955 4285 982 4348 8,
1000 4287 1034 4338 22
1051 4300 1091 4338 ss.

308 4377 370 4428 Act.
393 4377 433 4437 lb,
451 4377 490 4428 lb.
510 4375 550 4427 01.
571 4378 612 4438 17,
629 4374 672 4428 21.
691 4378 718 4435 l,
736 4377 779 4429 21.

311 4465 371 4516 Col.
392 4465 416 4524 1,
436 4467 475 4515 16.
495 4464 537 4516 cl.
555 4467 637 4514 toan.
658 4465 682 4526 1,
699 4466 723 4513 3.

265 4546 289 4616 ⁵)
306 4554 395 4607 Hebr.
416 4557 457 4618 11,
476 4554 503 4605 3.
522 4553 565 4606 ct,
583 4555 664 4607 Rom.
683 4555 708 4614 b,
729 4555 768 4602 17.
790 4554 831 4615 11,
849 4555 891 4604 36.
912 4557 936 4607 l.
955 4554 1019 4608 cor,
1037 4554 1063 4615 8,
1081 4562 1107 4609 s.
1125 4551 1217 4606 Hebr.
1232 4555 1260 4616 3,
1275 4553 1298 4603 1.

264 4636 290 4707 ⁶)
308 4646 397 4712 sper.
416 4643 442 4705 ιι,
463 4645 503 4697 ιι.
524 4642 565 4697 cr.
584 4645 625 4703 ro,
644 4645 669 4692 e·
691 4644 731 4703 ιι,
751 4644 774 4691 ι.
