<?xml version="1.0" encoding="UTF-8"?>
<!DOCTYPE html PUBLIC "-//W3C//DTD XHTML 1.0 Transitional//EN"
    "http://www.w3.org/TR/xhtml1/DTD/xhtml1-transitional.dtd">
<html xmlns="http://www.w3.org/1999/xhtml" xml:lang="en" lang="en">
 <head>
  <title>
</title>
<meta http-equiv="Content-Type" content="text/html;charset=utf-8" />
  <meta name='ocr-system' content='tesseract 3.04.00' />
  <meta name='ocr-capabilities' content='ocr_page ocr_carea ocr_par ocr_line ocrx_word'/>
</head>
<body>
  <div class='ocr_page' id='page_1' title='image "./theologiadogmat01schwgoog_0408.png"; bbox 0 0 2926 5168; ppageno 0'>
   <div class='ocr_carea' id='block_1_1' title="bbox 53 391 1290 3957">
    <p class='ocr_par' dir='ltr' id='par_1_1' title="bbox 68 391 1290 1523">
     <span class='ocr_line' id='line_1_1' title="bbox 71 391 1281 481; baseline -0.011 -20"><span class='ocrx_word' id='word_1_1' title='bbox 71 401 164 462; x_wconf 82' lang='lat' dir='ltr'><strong>evicit</strong></span> <span class='ocrx_word' id='word_1_2' title='bbox 188 397 222 481; x_wconf 83' lang='lat'><strong>¹).</strong></span> <span class='ocrx_word' id='word_1_3' title='bbox 253 399 401 461; x_wconf 74' lang='lat' dir='ltr'><strong>Sinensos</strong></span> <span class='ocrx_word' id='word_1_4' title='bbox 430 408 530 460; x_wconf 88' lang='lat' dir='ltr'><strong>autem</strong></span> <span class='ocrx_word' id='word_1_5' title='bbox 559 395 636 474; x_wconf 91' lang='lat' dir='ltr'><strong>quod</strong></span> <span class='ocrx_word' id='word_1_6' title='bbox 660 395 785 455; x_wconf 88' lang='lat' dir='ltr'><strong>attinet:</strong></span> <span class='ocrx_word' id='word_1_7' title='bbox 809 394 902 470; x_wconf 79' lang='lat' dir='ltr'><strong>louge</strong></span> <span class='ocrx_word' id='word_1_8' title='bbox 922 391 1112 468; x_wconf 78' lang='lat' dir='ltr'>probabilius</span> <span class='ocrx_word' id='word_1_9' title='bbox 1133 393 1281 451; x_wconf 88' lang='lat' dir='ltr'><strong>Delam·</strong></span> 
     </span>
     <span class='ocr_line' id='line_1_2' title="bbox 71 497 1283 574; baseline -0.007 -9"><span class='ocrx_word' id='word_1_10' title='bbox 71 509 290 574; x_wconf 72' lang='lat' dir='ltr'><strong>lar-econsatr,</strong></span> <span class='ocrx_word' id='word_1_11' title='bbox 318 523 371 565; x_wconf 90' lang='lat' dir='ltr'><strong>eos</strong></span> <span class='ocrx_word' id='word_1_12' title='bbox 401 510 554 563; x_wconf 86' lang='lat' dir='ltr'><strong>mutuatos</strong></span> <span class='ocrx_word' id='word_1_13' title='bbox 576 520 647 562; x_wconf 88' lang='lat' dir='ltr'><strong>esse</strong></span> <span class='ocrx_word' id='word_1_14' title='bbox 671 498 949 560; x_wconf 88' lang='lat' dir='ltr'><strong>suamdoctrinam</strong></span> <span class='ocrx_word' id='word_1_15' title='bbox 981 497 1217 558; x_wconf 74' lang='lat' dir='ltr'><strong>astronomicam</strong></span> <span class='ocrx_word' id='word_1_16' title='bbox 1244 499 1283 563; x_wconf 81' lang='lat' dir='ltr'><strong>ab</strong></span> 
     </span>
     <span class='ocr_line' id='line_1_3' title="bbox 71 605 1283 688; baseline -0.004 -18"><span class='ocrx_word' id='word_1_17' title='bbox 71 612 164 675; x_wconf 60' lang='lat' dir='ltr'><strong>Indis:</strong></span> <span class='ocrx_word' id='word_1_18' title='bbox 188 612 296 688; x_wconf 73' lang='lat' dir='ltr'><strong>prino,</strong></span> <span class='ocrx_word' id='word_1_19' title='bbox 327 619 366 670; x_wconf 78' lang='lat' dir='ltr'><strong>et=</strong></span> <span class='ocrx_word' id='word_1_20' title='bbox 386 609 492 669; x_wconf 64' lang='lat' dir='ltr'><strong>dende</strong></span> <span class='ocrx_word' id='word_1_21' title='bbox 523 628 541 668; x_wconf 90' lang='lat' dir='ltr'><strong>a</strong></span> <span class='ocrx_word' id='word_1_22' title='bbox 570 607 811 669; x_wconf 79' lang='lat' dir='ltr'><strong>Muhamedanis.</strong></span> <span class='ocrx_word' id='word_1_23' title='bbox 837 605 904 665; x_wconf 81' lang='lat' dir='ltr'><strong>linc</strong></span> <span class='ocrx_word' id='word_1_24' title='bbox 943 620 1037 680; x_wconf 86' lang='lat' dir='ltr'><strong>porro</strong></span> <span class='ocrx_word' id='word_1_25' title='bbox 1065 613 1184 665; x_wconf 89' lang='lat' dir='ltr'><strong>certum</strong></span> <span class='ocrx_word' id='word_1_26' title='bbox 1225 615 1283 674; x_wconf 85' lang='lat' dir='ltr'><strong>est,</strong></span> 
     </span>
     <span class='ocr_line' id='line_1_4' title="bbox 72 709 1288 793; baseline -0.003 -18"><span class='ocrx_word' id='word_1_27' title='bbox 72 735 177 775; x_wconf 88' lang='lat' dir='ltr'><strong>omnes</strong></span> <span class='ocrx_word' id='word_1_28' title='bbox 207 718 347 793; x_wconf 88' lang='lat' dir='ltr'><strong>antiquas</strong></span> <span class='ocrx_word' id='word_1_29' title='bbox 377 715 616 782; x_wconf 83' lang='lat' dir='ltr'><strong>ohservationes,</strong></span> <span class='ocrx_word' id='word_1_30' title='bbox 647 714 709 772; x_wconf 90' lang='lat' dir='ltr'><strong>illis</strong></span> <span class='ocrx_word' id='word_1_31' title='bbox 739 709 818 789; x_wconf 79' lang='lat' dir='ltr'><strong>ipsis</strong></span> <span class='ocrx_word' id='word_1_32' title='bbox 848 709 1012 769; x_wconf 84' lang='lat' dir='ltr'><strong>latentibus</strong></span> <span class='ocrx_word' id='word_1_33' title='bbox 1023 752 1036 786; x_wconf 82' lang='lat'><em>‚</em></span> <span class='ocrx_word' id='word_1_34' title='bbox 1063 712 1196 785; x_wconf 85' lang='lat' dir='ltr'><strong>periise,</strong></span> <span class='ocrx_word' id='word_1_35' title='bbox 1227 730 1288 779; x_wconf 82' lang='lat' dir='ltr'><strong>nec</strong></span> 
     </span>
     <span class='ocr_line' id='line_1_5' title="bbox 72 817 1283 885; baseline -0.006 -2"><span class='ocrx_word' id='word_1_36' title='bbox 72 823 132 883; x_wconf 81' lang='lat' dir='ltr'><strong>nisi</strong></span> <span class='ocrx_word' id='word_1_37' title='bbox 153 841 182 882; x_wconf 75' lang='lat' dir='ltr'><strong>a,</strong></span> <span class='ocrx_word' id='word_1_38' title='bbox 206 820 275 885; x_wconf 78' lang='lat' dir='ltr'><strong>ton.</strong></span> <span class='ocrx_word' id='word_1_39' title='bbox 304 829 375 881; x_wconf 89' lang='lat' dir='ltr'><strong>ante</strong></span> <span class='ocrx_word' id='word_1_40' title='bbox 401 820 557 880; x_wconf 72' lang='lat' dir='ltr'><strong>Christum</strong></span> <span class='ocrx_word' id='word_1_41' title='bbox 589 821 669 881; x_wconf 75' lang='lat' dir='ltr'><strong>Sne·</strong></span> <span class='ocrx_word' id='word_1_42' title='bbox 690 820 763 879; x_wconf 84' lang='lat' dir='ltr'><strong>lila-</strong></span> <span class='ocrx_word' id='word_1_43' title='bbox 793 817 904 883; x_wconf 77' lang='lat' dir='ltr'><strong>&#39;Panion</strong></span> <span class='ocrx_word' id='word_1_44' title='bbox 928 819 1071 876; x_wconf 86' lang='lat' dir='ltr'><strong>nonnulla</strong></span> <span class='ocrx_word' id='word_1_45' title='bbox 1090 827 1283 881; x_wconf 86' lang='lat' dir='ltr'><strong>monumenta</strong></span> 
     </span>
     <span class='ocr_line' id='line_1_6' title="bbox 71 921 1282 1004; baseline -0.009 -13"><span class='ocrx_word' id='word_1_46' title='bbox 71 946 107 991; x_wconf 81' lang='lat' dir='ltr'><strong>ac</strong></span> <span class='ocrx_word' id='word_1_47' title='bbox 136 937 299 1004; x_wconf 82' lang='lat' dir='ltr'><strong>praecepta</strong></span> <span class='ocrx_word' id='word_1_48' title='bbox 328 927 491 1004; x_wconf 73' lang='lat' dir='ltr'><strong>collegisse</strong></span> <span class='ocrx_word' id='word_1_49' title='bbox 520 925 557 985; x_wconf 90' lang='lat' dir='ltr'><strong>ad</strong></span> <span class='ocrx_word' id='word_1_50' title='bbox 586 924 767 984; x_wconf 88' lang='lat' dir='ltr'><strong>metiendum</strong></span> <span class='ocrx_word' id='word_1_51' title='bbox 800 924 990 998; x_wconf 85' lang='lat' dir='ltr'><strong>planetarum</strong></span> <span class='ocrx_word' id='word_1_52' title='bbox 1021 930 1154 998; x_wconf 87' lang='lat' dir='ltr'><strong>motum,</strong></span> <span class='ocrx_word' id='word_1_53' title='bbox 1188 930 1218 981; x_wconf 89' lang='lat' dir='ltr'><strong>et</strong></span> <span class='ocrx_word' id='word_1_54' title='bbox 1245 921 1282 980; x_wconf 92' lang='lat' dir='ltr'><strong>ad</strong></span> 
     </span>
     <span class='ocr_line' id='line_1_7' title="bbox 71 1027 1289 1108; baseline -0.002 -17"><span class='ocrx_word' id='word_1_55' title='bbox 71 1033 222 1108; x_wconf 72' lang='lat' dir='ltr'><strong>ecclipses</strong></span> <span class='ocrx_word' id='word_1_56' title='bbox 253 1031 506 1092; x_wconf 86' lang='lat' dir='ltr'><strong>determinandas.</strong></span> <span class='ocrx_word' id='word_1_57' title='bbox 534 1031 616 1091; x_wconf 81' lang='lat' dir='ltr'><strong>Idem</strong></span> <span class='ocrx_word' id='word_1_58' title='bbox 638 1040 797 1107; x_wconf 85' lang='lat' dir='ltr'><strong>praeterea</strong></span> <span class='ocrx_word' id='word_1_59' title='bbox 817 1028 980 1095; x_wconf 82' lang='lat' dir='ltr'><strong>Delnmhro</strong></span> <span class='ocrx_word' id='word_1_60' title='bbox 1003 1027 1152 1095; x_wconf 75' lang='lat' dir='ltr'>ostendit,</span> <span class='ocrx_word' id='word_1_61' title='bbox 1176 1045 1289 1099; x_wconf 70' lang='lat' dir='ltr'><strong>omnen.</strong></span> 
     </span>
     <span class='ocr_line' id='line_1_8' title="bbox 69 1133 1280 1215; baseline -0.002 -18"><span class='ocrx_word' id='word_1_62' title='bbox 69 1139 242 1198; x_wconf 85' lang='lat' dir='ltr'><strong>recensitos</strong></span> <span class='ocrx_word' id='word_1_63' title='bbox 263 1139 390 1215; x_wconf 90' lang='lat' dir='ltr'><strong>populos</strong></span> <span class='ocrx_word' id='word_1_64' title='bbox 413 1135 512 1197; x_wconf 85' lang='lat' dir='ltr'><strong>adhuc</strong></span> <span class='ocrx_word' id='word_1_65' title='bbox 533 1140 562 1195; x_wconf 90' lang='lat' dir='ltr'><strong>in</strong></span> <span class='ocrx_word' id='word_1_66' title='bbox 584 1136 711 1197; x_wconf 81' lang='lat' dir='ltr'><strong>infantia</strong></span> <span class='ocrx_word' id='word_1_67' title='bbox 733 1135 879 1194; x_wconf 74' lang='lat' dir='ltr'><strong>scientiae</strong></span> <span class='ocrx_word' id='word_1_68' title='bbox 901 1133 1126 1195; x_wconf 69' lang='lat' dir='ltr'><strong>astronomicae</strong></span> <span class='ocrx_word' id='word_1_69' title='bbox 1147 1134 1280 1202; x_wconf 84' lang='lat' dir='ltr'><strong>versari,</strong></span> 
     </span>
     <span class='ocr_line' id='line_1_9' title="bbox 71 1238 1290 1319; baseline -0.003 -17"><span class='ocrx_word' id='word_1_70' title='bbox 71 1261 129 1304; x_wconf 89' lang='lat' dir='ltr'><strong>nec</strong></span> <span class='ocrx_word' id='word_1_71' title='bbox 166 1244 226 1305; x_wconf 87' lang='lat' dir='ltr'><strong>nisi</strong></span> <span class='ocrx_word' id='word_1_72' title='bbox 264 1245 467 1302; x_wconf 74' lang='lat' dir='ltr'><strong>elementares</strong></span> <span class='ocrx_word' id='word_1_73' title='bbox 504 1244 617 1318; x_wconf 83' lang='lat' dir='ltr'><strong>aliquot</strong></span> <span class='ocrx_word' id='word_1_74' title='bbox 652 1251 743 1319; x_wconf 89' lang='lat' dir='ltr'><strong>atque</strong></span> <span class='ocrx_word' id='word_1_75' title='bbox 782 1240 977 1316; x_wconf 80' lang='lat' dir='ltr'><strong>imperfectas</strong></span> <span class='ocrx_word' id='word_1_76' title='bbox 1017 1238 1100 1297; x_wconf 88' lang='lat' dir='ltr'><strong>iilius</strong></span> <span class='ocrx_word' id='word_1_77' title='bbox 1136 1238 1290 1307; x_wconf 69' lang='lat' dir='ltr'><strong>notiones,</strong></span> 
     </span>
     <span class='ocr_line' id='line_1_10' title="bbox 68 1345 1280 1423; baseline -0.004 -15"><span class='ocrx_word' id='word_1_78' title='bbox 68 1349 232 1418; x_wconf 79' lang='lat' dir='ltr'><strong>habuisse,</strong></span> <span class='ocrx_word' id='word_1_79' title='bbox 264 1349 313 1407; x_wconf 79' lang='lat' dir='ltr'><strong>vel</strong></span> <span class='ocrx_word' id='word_1_80' title='bbox 343 1350 433 1408; x_wconf 90' lang='lat' dir='ltr'><strong>etiam</strong></span> <span class='ocrx_word' id='word_1_81' title='bbox 463 1347 560 1407; x_wconf 85' lang='lat' dir='ltr'><strong>adhuc</strong></span> <span class='ocrx_word' id='word_1_82' title='bbox 590 1346 714 1415; x_wconf 85' lang='lat' dir='ltr'><strong>habere,</strong></span> <span class='ocrx_word' id='word_1_83' title='bbox 736 1364 812 1423; x_wconf 87' lang='lat' dir='ltr'><strong>qnae</strong></span> <span class='ocrx_word' id='word_1_84' title='bbox 833 1363 890 1407; x_wconf 87' lang='lat' dir='ltr'><strong>uec</strong></span> <span class='ocrx_word' id='word_1_85' title='bbox 913 1345 1057 1404; x_wconf 88' lang='lat' dir='ltr'><strong>scientiae</strong></span> <span class='ocrx_word' id='word_1_86' title='bbox 1080 1362 1188 1404; x_wconf 91' lang='lat' dir='ltr'><strong>nomen</strong></span> <span class='ocrx_word' id='word_1_87' title='bbox 1218 1363 1280 1413; x_wconf 80' lang='lat' dir='ltr'><strong>mc·</strong></span> 
     </span>
     <span class='ocr_line' id='line_1_11' title="bbox 69 1459 238 1523; baseline 0.018 -10"><span class='ocrx_word' id='word_1_88' title='bbox 69 1462 177 1514; x_wconf 78' lang='lat' dir='ltr'><strong>rentur</strong></span> <span class='ocrx_word' id='word_1_89' title='bbox 198 1459 238 1523; x_wconf 79' lang='lat'><strong>²).</strong></span> 
     </span>
    </p>

    <p class='ocr_par' dir='ltr' id='par_1_2' title="bbox 53 1555 1284 3947">
     <span class='ocr_line' id='line_1_12' title="bbox 153 1555 1280 1634; baseline -0.004 -15"><span class='ocrx_word' id='word_1_90' title='bbox 153 1557 238 1632; x_wconf 75' lang='lat' dir='ltr'><strong>Quod</strong></span> <span class='ocrx_word' id='word_1_91' title='bbox 261 1567 359 1618; x_wconf 84' lang='lat' dir='ltr'><strong>antem</strong></span> <span class='ocrx_word' id='word_1_92' title='bbox 383 1559 492 1618; x_wconf 82' lang='lat' dir='ltr'><strong>attinet</strong></span> <span class='ocrx_word' id='word_1_93' title='bbox 513 1557 550 1617; x_wconf 90' lang='lat' dir='ltr'><strong>ad</strong></span> <span class='ocrx_word' id='word_1_94' title='bbox 575 1557 718 1617; x_wconf 76' lang='lat' dir='ltr'><strong>zodiacos</strong></span> <span class='ocrx_word' id='word_1_95' title='bbox 742 1567 772 1617; x_wconf 90' lang='lat' dir='ltr'><strong>et</strong></span> <span class='ocrx_word' id='word_1_96' title='bbox 793 1555 1051 1634; x_wconf 86' lang='lat' dir='ltr'><strong>planisphaerium</strong></span> <span class='ocrx_word' id='word_1_97' title='bbox 1072 1556 1280 1631; x_wconf 77' lang='lat' dir='ltr'><strong>Tentyr-ense:</strong></span> 
     </span>
     <span class='ocr_line' id='line_1_13' title="bbox 67 1662 1280 1741; baseline -0.001 -18"><span class='ocrx_word' id='word_1_98' title='bbox 67 1672 148 1740; x_wconf 67' lang='lat' dir='ltr'><strong>suan</strong></span> <span class='ocrx_word' id='word_1_99' title='bbox 162 1665 244 1723; x_wconf 87' lang='lat' dir='ltr'><strong>inter.</strong></span> <span class='ocrx_word' id='word_1_100' title='bbox 264 1681 331 1741; x_wconf 86' lang='lat' dir='ltr'><strong>eos,</strong></span> <span class='ocrx_word' id='word_1_101' title='bbox 354 1663 405 1740; x_wconf 92' lang='lat' dir='ltr'><strong>qui</strong></span> <span class='ocrx_word' id='word_1_102' title='bbox 428 1662 554 1722; x_wconf 86' lang='lat' dir='ltr'><strong>delinire</strong></span> <span class='ocrx_word' id='word_1_103' title='bbox 576 1663 675 1724; x_wconf 88' lang='lat' dir='ltr'><strong>conati</strong></span> <span class='ocrx_word' id='word_1_104' title='bbox 698 1670 770 1722; x_wconf 89' lang='lat' dir='ltr'><strong>sunt</strong></span> <span class='ocrx_word' id='word_1_105' title='bbox 795 1670 926 1725; x_wconf 83' lang='lat' dir='ltr'><strong>aetatem</strong></span> <span class='ocrx_word' id='word_1_106' title='bbox 950 1679 1065 1731; x_wconf 93' lang='lat' dir='ltr'><strong>eorum,</strong></span> <span class='ocrx_word' id='word_1_107' title='bbox 1091 1670 1140 1725; x_wconf 90' lang='lat' dir='ltr'><strong>tot</strong></span> <span class='ocrx_word' id='word_1_108' title='bbox 1158 1669 1280 1722; x_wconf 83' lang='lat' dir='ltr'><strong>senten·</strong></span> 
     </span>
     <span class='ocr_line' id='line_1_14' title="bbox 68 1767 1284 1845; baseline -0.007 -19"><span class='ocrx_word' id='word_1_109' title='bbox 68 1770 140 1839; x_wconf 78' lang='lat' dir='ltr'><strong>tiae,</strong></span> <span class='ocrx_word' id='word_1_110' title='bbox 162 1776 240 1845; x_wconf 84' lang='lat' dir='ltr'><strong>quot</strong></span> <span class='ocrx_word' id='word_1_111' title='bbox 256 1768 365 1843; x_wconf 79' lang='lat' dir='ltr'><strong>capita.</strong></span> <span class='ocrx_word' id='word_1_112' title='bbox 387 1768 649 1845; x_wconf 86' lang='lat' dir='ltr'><strong>Planisplraerium</strong></span> <span class='ocrx_word' id='word_1_113' title='bbox 671 1769 825 1827; x_wconf 81' lang='lat' dir='ltr'><strong>Lutatium</strong></span> <span class='ocrx_word' id='word_1_114' title='bbox 849 1767 981 1827; x_wconf 89' lang='lat' dir='ltr'><strong>delatum</strong></span> <span class='ocrx_word' id='word_1_115' title='bbox 1004 1773 1147 1826; x_wconf 89' lang='lat' dir='ltr'><strong>accurate</strong></span> <span class='ocrx_word' id='word_1_116' title='bbox 1168 1767 1284 1826; x_wconf 79' lang='lat' dir='ltr'><strong>exarui..</strong></span> 
     </span>
     <span class='ocr_line' id='line_1_15' title="bbox 67 1870 1282 1949; baseline 0 -17"><span class='ocrx_word' id='word_1_117' title='bbox 67 1874 153 1933; x_wconf 85' lang='lat' dir='ltr'><strong>navit</strong></span> <span class='ocrx_word' id='word_1_118' title='bbox 175 1872 401 1941; x_wconf 76' lang='lat' dir='ltr'><strong>lieiembre,</strong></span> <span class='ocrx_word' id='word_1_119' title='bbox 424 1873 473 1949; x_wconf 90' lang='lat' dir='ltr'><strong>qui</strong></span> <span class='ocrx_word' id='word_1_120' title='bbox 495 1872 662 1932; x_wconf 77' lang='lat' dir='ltr'><strong>decernere</strong></span> <span class='ocrx_word' id='word_1_121' title='bbox 683 1890 743 1931; x_wconf 91' lang='lat' dir='ltr'><strong>non</strong></span> <span class='ocrx_word' id='word_1_122' title='bbox 765 1872 925 1943; x_wconf 89' lang='lat' dir='ltr'><strong>dubitavit,</strong></span> <span class='ocrx_word' id='word_1_123' title='bbox 948 1871 1022 1933; x_wconf 90' lang='lat' dir='ltr'><strong>illud</strong></span> <span class='ocrx_word' id='word_1_124' title='bbox 1043 1870 1224 1938; x_wconf 77' lang='lat' dir='ltr'><strong>Alexandro.</strong></span> <span class='ocrx_word' id='word_1_125' title='bbox 1239 1873 1282 1932; x_wconf 83' lang='lat' dir='ltr'><strong>iil.</strong></span> 
     </span>
     <span class='ocr_line' id='line_1_16' title="bbox 66 1976 1281 2055; baseline -0.003 -17"><span class='ocrx_word' id='word_1_126' title='bbox 66 1977 229 2055; x_wconf 84' lang='lat' dir='ltr'><strong>posterius.</strong></span> <span class='ocrx_word' id='word_1_127' title='bbox 245 1992 328 2044; x_wconf 83' lang='lat' dir='ltr'><strong>esse,</strong></span> <span class='ocrx_word' id='word_1_128' title='bbox 351 1985 381 2036; x_wconf 89' lang='lat' dir='ltr'><strong>et</strong></span> <span class='ocrx_word' id='word_1_129' title='bbox 402 1978 582 2053; x_wconf 88' lang='lat' dir='ltr'><strong>praesertim</strong></span> <span class='ocrx_word' id='word_1_130' title='bbox 605 1977 717 2044; x_wconf 88' lang='lat' dir='ltr'><strong>Biot,</strong></span> <span class='ocrx_word' id='word_1_131' title='bbox 747 1978 797 2054; x_wconf 91' lang='lat' dir='ltr'><strong>qui</strong></span> <span class='ocrx_word' id='word_1_132' title='bbox 830 1996 868 2036; x_wconf 85' lang='lat' dir='ltr'><strong>ex</strong></span> <span class='ocrx_word' id='word_1_133' title='bbox 898 1978 1053 2036; x_wconf 87' lang='lat' dir='ltr'><strong>accuratis</strong></span> <span class='ocrx_word' id='word_1_134' title='bbox 1075 1976 1228 2036; x_wconf 87' lang='lat' dir='ltr'><strong>mensuris</strong></span> <span class='ocrx_word' id='word_1_135' title='bbox 1251 1984 1281 2034; x_wconf 89' lang='lat' dir='ltr'><strong>et</strong></span> 
     </span>
     <span class='ocr_line' id='line_1_17' title="bbox 67 2081 1282 2158; baseline 0.001 -16"><span class='ocrx_word' id='word_1_136' title='bbox 67 2083 199 2143; x_wconf 81' lang='lat' dir='ltr'><strong>calentia</strong></span> <span class='ocrx_word' id='word_1_137' title='bbox 218 2081 361 2155; x_wconf 85' lang='lat' dir='ltr'><strong>deduxit,</strong></span> <span class='ocrx_word' id='word_1_138' title='bbox 392 2082 464 2141; x_wconf 90' lang='lat' dir='ltr'><strong>illud</strong></span> <span class='ocrx_word' id='word_1_139' title='bbox 494 2082 641 2143; x_wconf 81' lang='lat' dir='ltr'><strong>exhihere</strong></span> <span class='ocrx_word' id='word_1_140' title='bbox 671 2083 749 2143; x_wconf 87' lang='lat' dir='ltr'><strong>coeli</strong></span> <span class='ocrx_word' id='word_1_141' title='bbox 783 2083 912 2142; x_wconf 80' lang='lat' dir='ltr'><strong>formam</strong></span> <span class='ocrx_word' id='word_1_142' title='bbox 941 2100 996 2142; x_wconf 89' lang='lat' dir='ltr'><strong>seu</strong></span> <span class='ocrx_word' id='word_1_143' title='bbox 1024 2090 1159 2158; x_wconf 85' lang='lat' dir='ltr'><strong>statum,</strong></span> <span class='ocrx_word' id='word_1_144' title='bbox 1188 2089 1282 2158; x_wconf 87' lang='lat' dir='ltr'><strong>prout</strong></span> 
     </span>
     <span class='ocr_line' id='line_1_18' title="bbox 67 2186 1281 2265; baseline -0.002 -18"><span class='ocrx_word' id='word_1_145' title='bbox 67 2197 142 2247; x_wconf 77' lang='lat' dir='ltr'><strong>erat·</strong></span> <span class='ocrx_word' id='word_1_146' title='bbox 157 2207 178 2246; x_wconf 82' lang='lat' dir='ltr'><strong>a</strong></span> <span class='ocrx_word' id='word_1_147' title='bbox 206 2188 409 2265; x_wconf 73' lang='lat' dir='ltr'><strong>septingentis</strong></span> <span class='ocrx_word' id='word_1_148' title='bbox 433 2197 504 2248; x_wconf 83' lang='lat' dir='ltr'><strong>ante</strong></span> <span class='ocrx_word' id='word_1_149' title='bbox 527 2187 683 2247; x_wconf 69' lang='lat' dir='ltr'><strong>christum</strong></span> <span class='ocrx_word' id='word_1_150' title='bbox 706 2188 816 2265; x_wconf 89' lang='lat' dir='ltr'><strong>annis,</strong></span> <span class='ocrx_word' id='word_1_151' title='bbox 847 2187 928 2247; x_wconf 85' lang='lat' dir='ltr'><strong>addit</strong></span> <span class='ocrx_word' id='word_1_152' title='bbox 966 2198 1084 2258; x_wconf 88' lang='lat' dir='ltr'><strong>tamen,</strong></span> <span class='ocrx_word' id='word_1_153' title='bbox 1114 2186 1188 2247; x_wconf 92' lang='lat' dir='ltr'><strong>illud</strong></span> <span class='ocrx_word' id='word_1_154' title='bbox 1210 2194 1281 2263; x_wconf 85' lang='lat' dir='ltr'><strong>post</strong></span> 
     </span>
     <span class='ocr_line' id='line_1_19' title="bbox 65 2286 1281 2368; baseline -0.002 -17"><span class='ocrx_word' id='word_1_155' title='bbox 65 2310 171 2352; x_wconf 82' lang='lat' dir='ltr'><strong>aeram</strong></span> <span class='ocrx_word' id='word_1_156' title='bbox 193 2291 399 2352; x_wconf 77' lang='lat' dir='ltr'><strong>cmintanam</strong></span> <span class='ocrx_word' id='word_1_157' title='bbox 414 2300 623 2351; x_wconf 88' lang='lat' dir='ltr'><strong>constructum</strong></span> <span class='ocrx_word' id='word_1_158' title='bbox 647 2310 727 2354; x_wconf 85' lang='lat' dir='ltr'><strong>esse.</strong></span> <span class='ocrx_word' id='word_1_159' title='bbox 745 2293 861 2351; x_wconf 87' lang='lat' dir='ltr'><strong>Verum</strong></span> <span class='ocrx_word' id='word_1_160' title='bbox 882 2291 939 2353; x_wconf 90' lang='lat' dir='ltr'><strong>hae</strong></span> <span class='ocrx_word' id='word_1_161' title='bbox 961 2286 1190 2368; x_wconf 84' lang='lat' dir='ltr'><strong>disquisitiones</strong></span> <span class='ocrx_word' id='word_1_162' title='bbox 1213 2291 1281 2350; x_wconf 87' lang='lat' dir='ltr'><strong>iere</strong></span> 
     </span>
     <span class='ocr_line' id='line_1_20' title="bbox 64 2397 1278 2474; baseline -0.002 -17"><span class='ocrx_word' id='word_1_163' title='bbox 64 2398 191 2457; x_wconf 88' lang='lat' dir='ltr'><strong>inutiles</strong></span> <span class='ocrx_word' id='word_1_164' title='bbox 214 2405 294 2459; x_wconf 84' lang='lat' dir='ltr'><strong>sunt,</strong></span> <span class='ocrx_word' id='word_1_165' title='bbox 324 2397 542 2456; x_wconf 83' lang='lat' dir='ltr'><strong>Architectura</strong></span> <span class='ocrx_word' id='word_1_166' title='bbox 569 2399 648 2455; x_wconf 90' lang='lat' dir='ltr'><strong>enim</strong></span> <span class='ocrx_word' id='word_1_167' title='bbox 680 2406 709 2456; x_wconf 91' lang='lat' dir='ltr'><strong>et</strong></span> <span class='ocrx_word' id='word_1_168' title='bbox 742 2398 863 2474; x_wconf 85' lang='lat' dir='ltr'><strong>sculpta</strong></span> <span class='ocrx_word' id='word_1_169' title='bbox 893 2399 942 2456; x_wconf 88' lang='lat' dir='ltr'><strong>vel</strong></span> <span class='ocrx_word' id='word_1_170' title='bbox 964 2397 1045 2472; x_wconf 90' lang='lat' dir='ltr'><strong>picta</strong></span> <span class='ocrx_word' id='word_1_171' title='bbox 1068 2397 1158 2472; x_wconf 81' lang='lat' dir='ltr'><strong>signa</strong></span> <span class='ocrx_word' id='word_1_172' title='bbox 1179 2402 1278 2454; x_wconf 89' lang='lat' dir='ltr'><strong>osten·</strong></span> 
     </span>
     <span class='ocr_line' id='line_1_21' title="bbox 66 2500 1279 2579; baseline -0.002 -19"><span class='ocrx_word' id='word_1_173' title='bbox 66 2503 154 2571; x_wconf 91' lang='lat' dir='ltr'><strong>dunt,</strong></span> <span class='ocrx_word' id='word_1_174' title='bbox 177 2501 214 2560; x_wconf 94' lang='lat' dir='ltr'><strong>ad</strong></span> <span class='ocrx_word' id='word_1_175' title='bbox 238 2501 381 2579; x_wconf 81' lang='lat' dir='ltr'><strong>epocham</strong></span> <span class='ocrx_word' id='word_1_176' title='bbox 405 2521 463 2559; x_wconf 93' lang='lat' dir='ltr'><strong>non</strong></span> <span class='ocrx_word' id='word_1_177' title='bbox 488 2502 572 2560; x_wconf 80' lang='lat' dir='ltr'><strong>valde</strong></span> <span class='ocrx_word' id='word_1_178' title='bbox 587 2511 734 2560; x_wconf 88' lang='lat' dir='ltr'><strong>remotam</strong></span> <span class='ocrx_word' id='word_1_179' title='bbox 764 2502 918 2579; x_wconf 88' lang='lat' dir='ltr'><strong>pertinere</strong></span> <span class='ocrx_word' id='word_1_180' title='bbox 940 2503 1053 2576; x_wconf 89' lang='lat' dir='ltr'><strong>templa</strong></span> <span class='ocrx_word' id='word_1_181' title='bbox 1074 2500 1226 2573; x_wconf 79' lang='lat' dir='ltr'><strong>Tentyrae</strong></span> <span class='ocrx_word' id='word_1_182' title='bbox 1249 2508 1279 2558; x_wconf 92' lang='lat' dir='ltr'><strong>et</strong></span> 
     </span>
     <span class='ocr_line' id='line_1_22' title="bbox 63 2604 1278 2685; baseline -0.004 -19"><span class='ocrx_word' id='word_1_183' title='bbox 63 2607 231 2685; x_wconf 78' lang='lat' dir='ltr'><strong>Latopolis.</strong></span> <span class='ocrx_word' id='word_1_184' title='bbox 252 2607 371 2665; x_wconf 86' lang='lat' dir='ltr'><strong>Deinde</strong></span> <span class='ocrx_word' id='word_1_185' title='bbox 391 2606 422 2664; x_wconf 92' lang='lat' dir='ltr'><strong>in</strong></span> <span class='ocrx_word' id='word_1_186' title='bbox 436 2609 548 2684; x_wconf 90' lang='lat' dir='ltr'><strong>templo</strong></span> <span class='ocrx_word' id='word_1_187' title='bbox 572 2607 742 2682; x_wconf 71' lang='lat' dir='ltr'><strong>Tentyrae,</strong></span> <span class='ocrx_word' id='word_1_188' title='bbox 765 2607 816 2665; x_wconf 91' lang='lat' dir='ltr'><strong>ubi</strong></span> <span class='ocrx_word' id='word_1_189' title='bbox 845 2614 912 2666; x_wconf 84' lang='lat' dir='ltr'><strong>erat</strong></span> <span class='ocrx_word' id='word_1_190' title='bbox 940 2604 1204 2682; x_wconf 85' lang='lat' dir='ltr'><strong>planisphaerium,</strong></span> <span class='ocrx_word' id='word_1_191' title='bbox 1228 2604 1278 2662; x_wconf 88' lang='lat' dir='ltr'><strong>ad·</strong></span> 
     </span>
     <span class='ocr_line' id='line_1_23' title="bbox 64 2711 1279 2790; baseline -0.002 -17"><span class='ocrx_word' id='word_1_192' title='bbox 64 2723 113 2774; x_wconf 85' lang='lat' dir='ltr'><strong>est</strong></span> <span class='ocrx_word' id='word_1_193' title='bbox 135 2712 283 2788; x_wconf 83' lang='lat' dir='ltr'><strong>porticus,</strong></span> <span class='ocrx_word' id='word_1_194' title='bbox 305 2713 333 2770; x_wconf 93' lang='lat' dir='ltr'><strong>in</strong></span> <span class='ocrx_word' id='word_1_195' title='bbox 357 2729 422 2788; x_wconf 84' lang='lat' dir='ltr'><strong>qua¹¹</strong></span> <span class='ocrx_word' id='word_1_196' title='bbox 436 2711 532 2771; x_wconf 88' lang='lat' dir='ltr'><strong>adhuc</strong></span> <span class='ocrx_word' id='word_1_197' title='bbox 555 2711 697 2773; x_wconf 81' lang='lat' dir='ltr'><strong>zodiacus</strong></span> <span class='ocrx_word' id='word_1_198' title='bbox 720 2721 870 2790; x_wconf 82' lang='lat' dir='ltr'><strong>superest,</strong></span> <span class='ocrx_word' id='word_1_199' title='bbox 894 2730 980 2789; x_wconf 87' lang='lat' dir='ltr'><strong>quae,</strong></span> <span class='ocrx_word' id='word_1_200' title='bbox 1004 2721 1035 2770; x_wconf 93' lang='lat' dir='ltr'><strong>ut</strong></span> <span class='ocrx_word' id='word_1_201' title='bbox 1057 2711 1145 2770; x_wconf 91' lang='lat' dir='ltr'><strong>docet</strong></span> <span class='ocrx_word' id='word_1_202' title='bbox 1166 2729 1279 2789; x_wconf 80' lang='lat' dir='ltr'><strong>graeca</strong></span> 
     </span>
     <span class='ocr_line' id='line_1_24' title="bbox 64 2814 1277 2907; baseline 0 -32"><span class='ocrx_word' id='word_1_203' title='bbox 64 2816 235 2893; x_wconf 81' lang='lat' dir='ltr'><strong>inscriptio,</strong></span> <span class='ocrx_word' id='word_1_204' title='bbox 259 2825 436 2891; x_wconf 84' lang='lat' dir='ltr'><strong>consecrata</strong></span> <span class='ocrx_word' id='word_1_205' title='bbox 458 2815 515 2881; x_wconf 88' lang='lat' dir='ltr'><strong>init</strong></span> <span class='ocrx_word' id='word_1_206' title='bbox 536 2814 645 2889; x_wconf 76' lang='lat' dir='ltr'><strong>Saluti</strong></span> <span class='ocrx_word' id='word_1_207' title='bbox 676 2815 811 2907; x_wconf 59' lang='grc'>1111111.</span> <span class='ocrx_word' id='word_1_208' title='bbox 842 2821 875 2877; x_wconf 89' lang='lat' dir='ltr'><strong>ln</strong></span> <span class='ocrx_word' id='word_1_209' title='bbox 905 2819 1014 2876; x_wconf 88' lang='lat' dir='ltr'><strong>minori</strong></span> <span class='ocrx_word' id='word_1_210' title='bbox 1045 2819 1164 2894; x_wconf 86' lang='lat' dir='ltr'><strong>templo¹</strong></span> <span class='ocrx_word' id='word_1_211' title='bbox 1186 2818 1277 2876; x_wconf 84' lang='lat' dir='ltr'><strong>Lato·</strong></span> 
     </span>
     <span class='ocr_line' id='line_1_25' title="bbox 63 2919 1280 3001; baseline 0.012 -23"><span class='ocrx_word' id='word_1_212' title='bbox 63 2922 162 2997; x_wconf 87' lang='lat' dir='ltr'><strong>polis,</strong></span> <span class='ocrx_word' id='word_1_213' title='bbox 193 2920 270 2997; x_wconf 94' lang='lat' dir='ltr'><strong>quod</strong></span> <span class='ocrx_word' id='word_1_214' title='bbox 301 2921 461 2997; x_wconf 79' lang='lat' dir='ltr'><strong>jactabant</strong></span> <span class='ocrx_word' id='word_1_215' title='bbox 492 2922 682 2999; x_wconf 74' lang='lat' dir='ltr'><strong>aedificatum</strong></span> <span class='ocrx_word' id='word_1_216' title='bbox 713 2927 824 2985; x_wconf 87' lang='lat' dir='ltr'><strong>saltem</strong></span> <span class='ocrx_word' id='word_1_217' title='bbox 853 2944 879 2984; x_wconf 87' lang='lat' dir='ltr'><strong>a.</strong></span> <span class='ocrx_word' id='word_1_218' title='bbox 902 2924 994 3001; x_wconf 72' lang='lat'><strong>2700.</strong></span> <span class='ocrx_word' id='word_1_219' title='bbox 1023 2925 1071 2981; x_wconf 69' lang='lat' dir='ltr'><strong>vel</strong></span> <span class='ocrx_word' id='word_1_220' title='bbox 1092 2919 1185 2991; x_wconf 75' lang='lat'><strong>3⁰00·</strong></span> <span class='ocrx_word' id='word_1_221' title='bbox 1207 2934 1280 2983; x_wconf 66' lang='lat' dir='ltr'><strong>anie</strong></span> 
     </span>
     <span class='ocr_line' id='line_1_26' title="bbox 64 3025 1277 3107; baseline 0.001 -21"><span class='ocrx_word' id='word_1_222' title='bbox 64 3025 237 3096; x_wconf 81' lang='lat' dir='ltr'><strong>Christum,</strong></span> <span class='ocrx_word' id='word_1_223' title='bbox 266 3026 352 3086; x_wconf 86' lang='lat' dir='ltr'><strong>adest</strong></span> <span class='ocrx_word' id='word_1_224' title='bbox 383 3029 524 3088; x_wconf 82' lang='lat' dir='ltr'><strong>columna</strong></span> <span class='ocrx_word' id='word_1_225' title='bbox 546 3031 665 3106; x_wconf 87' lang='lat' dir='ltr'><strong>sculpta</strong></span> <span class='ocrx_word' id='word_1_226' title='bbox 692 3039 722 3089; x_wconf 91' lang='lat' dir='ltr'><strong>et</strong></span> <span class='ocrx_word' id='word_1_227' title='bbox 744 3032 836 3107; x_wconf 86' lang='lat' dir='ltr'><strong>picta,</strong></span> <span class='ocrx_word' id='word_1_228' title='bbox 859 3037 889 3089; x_wconf 89' lang='lat' dir='ltr'><strong>et</strong></span> <span class='ocrx_word' id='word_1_229' title='bbox 915 3029 1033 3107; x_wconf 89' lang='lat' dir='ltr'><strong>quidem</strong></span> <span class='ocrx_word' id='word_1_230' title='bbox 1059 3028 1163 3088; x_wconf 88' lang='lat' dir='ltr'><strong>eodem</strong></span> <span class='ocrx_word' id='word_1_231' title='bbox 1186 3031 1277 3103; x_wconf 84' lang='lat' dir='ltr'><strong>stylo,</strong></span> 
     </span>
     <span class='ocr_line' id='line_1_27' title="bbox 63 3131 1277 3214; baseline 0.002 -24"><span class='ocrx_word' id='word_1_232' title='bbox 63 3150 121 3210; x_wconf 92' lang='lat' dir='ltr'><strong>quo</strong></span> <span class='ocrx_word' id='word_1_233' title='bbox 144 3131 302 3207; x_wconf 83' lang='lat' dir='ltr'><strong>proximus</strong></span> <span class='ocrx_word' id='word_1_234' title='bbox 319 3132 472 3204; x_wconf 80' lang='lat' dir='ltr'><strong>zodiacus,</strong></span> <span class='ocrx_word' id='word_1_235' title='bbox 495 3153 522 3195; x_wconf 92' lang='lat' dir='ltr'><strong>a.</strong></span> <span class='ocrx_word' id='word_1_236' title='bbox 548 3135 596 3197; x_wconf 89' lang='grc'><strong>10.</strong></span> <span class='ocrx_word' id='word_1_237' title='bbox 618 3136 772 3214; x_wconf 82' lang='lat' dir='ltr'><strong>Antonini,</strong></span> <span class='ocrx_word' id='word_1_238' title='bbox 796 3154 851 3195; x_wconf 88' lang='lat' dir='ltr'><strong>seu</strong></span> <span class='ocrx_word' id='word_1_239' title='bbox 874 3154 900 3193; x_wconf 91' lang='lat' dir='ltr'><strong>a.</strong></span> <span class='ocrx_word' id='word_1_240' title='bbox 925 3134 994 3199; x_wconf 79' lang='lat' dir='ltr'><strong>ilii).</strong></span> <span class='ocrx_word' id='word_1_241' title='bbox 1017 3152 1107 3193; x_wconf 88' lang='lat' dir='ltr'><strong>aerae</strong></span> <span class='ocrx_word' id='word_1_242' title='bbox 1130 3133 1277 3193; x_wconf 71' lang='lat' dir='ltr'><strong>christia·</strong></span> 
     </span>
     <span class='ocr_line' id='line_1_28' title="bbox 63 3234 1280 3323; baseline 0.003 -29"><span class='ocrx_word' id='word_1_243' title='bbox 63 3253 130 3313; x_wconf 76' lang='lat' dir='ltr'><strong>rap.</strong></span> <span class='ocrx_word' id='word_1_244' title='bbox 152 3234 319 3295; x_wconf 85' lang='lat' dir='ltr'><strong>Praeterea</strong></span> <span class='ocrx_word' id='word_1_245' title='bbox 335 3235 444 3297; x_wconf 88' lang='lat' dir='ltr'><strong>divisio</strong></span> <span class='ocrx_word' id='word_1_246' title='bbox 460 3238 511 3296; x_wconf 93' lang='lat' dir='ltr'><strong>ilia</strong></span> <span class='ocrx_word' id='word_1_247' title='bbox 529 3238 655 3309; x_wconf 84' lang='lat' dir='ltr'><strong>zodiaci,</strong></span> <span class='ocrx_word' id='word_1_248' title='bbox 677 3257 765 3317; x_wconf 92' lang='lat' dir='ltr'><strong>quam</strong></span> <span class='ocrx_word' id='word_1_249' title='bbox 781 3240 926 3316; x_wconf 90' lang='lat' dir='ltr'><strong>putabant</strong></span> <span class='ocrx_word' id='word_1_250' title='bbox 941 3239 1107 3298; x_wconf 81' lang='lat' dir='ltr'><strong>solstitium</strong></span> <span class='ocrx_word' id='word_1_251' title='bbox 1131 3238 1280 3323; x_wconf 56' lang='lat' dir='ltr'><strong>indicare,</strong></span> 
     </span>
     <span class='ocr_line' id='line_1_29' title="bbox 64 3337 1276 3421; baseline 0.005 -23"><span class='ocrx_word' id='word_1_252' title='bbox 64 3340 177 3417; x_wconf 85' lang='lat' dir='ltr'><strong>nuliam</strong></span> <span class='ocrx_word' id='word_1_253' title='bbox 200 3357 326 3413; x_wconf 66' lang='lat' dir='ltr'><strong>carneo</strong></span> <span class='ocrx_word' id='word_1_254' title='bbox 349 3341 605 3415; x_wconf 78' lang='lat' dir='ltr'><strong>necessitudinem</strong></span> <span class='ocrx_word' id='word_1_255' title='bbox 627 3343 727 3421; x_wconf 80' lang='lat' dir='ltr'><strong>habet.</strong></span> <span class='ocrx_word' id='word_1_256' title='bbox 759 3345 834 3405; x_wconf 68' lang='grc' dir='ltr'><strong>Ναιυ</strong></span> <span class='ocrx_word' id='word_1_257' title='bbox 864 3364 937 3404; x_wconf 87' lang='lat' dir='ltr'><strong>arca</strong></span> <span class='ocrx_word' id='word_1_258' title='bbox 966 3337 1125 3409; x_wconf 86' lang='lat' dir='ltr'><strong>cadaveris</strong></span> <span class='ocrx_word' id='word_1_259' title='bbox 1151 3344 1276 3421; x_wconf 78' lang='lat' dir='ltr'><strong>juvenis</strong></span> 
     </span>
     <span class='ocr_line' id='line_1_30' title="bbox 62 3444 1274 3527; baseline 0.006 -23"><span class='ocrx_word' id='word_1_260' title='bbox 62 3444 231 3521; x_wconf 76' lang='lat' dir='ltr'><strong>cujusdam,</strong></span> <span class='ocrx_word' id='word_1_261' title='bbox 253 3445 385 3521; x_wconf 68' lang='lat' dir='ltr'><strong>defuncti</strong></span> <span class='ocrx_word' id='word_1_262' title='bbox 407 3465 434 3508; x_wconf 90' lang='lat' dir='ltr'><strong>a.</strong></span> <span class='ocrx_word' id='word_1_263' title='bbox 452 3444 520 3522; x_wconf 76' lang='lat'><strong>116,</strong></span> <span class='ocrx_word' id='word_1_264' title='bbox 538 3467 629 3521; x_wconf 81' lang='lat' dir='ltr'><strong>aerae</strong></span> <span class='ocrx_word' id='word_1_265' title='bbox 644 3458 780 3522; x_wconf 79' lang='lat' dir='ltr'><strong>nostrae,</strong></span> <span class='ocrx_word' id='word_1_266' title='bbox 794 3469 868 3527; x_wconf 87' lang='lat' dir='ltr'><strong>prae</strong></span> <span class='ocrx_word' id='word_1_267' title='bbox 890 3468 925 3509; x_wconf 90' lang='lat' dir='ltr'><strong>se</strong></span> <span class='ocrx_word' id='word_1_268' title='bbox 943 3450 1005 3509; x_wconf 91' lang='lat' dir='ltr'><strong>iert</strong></span> <span class='ocrx_word' id='word_1_269' title='bbox 1027 3450 1185 3526; x_wconf 76' lang='lat' dir='ltr'><strong>zodiacum</strong></span> <span class='ocrx_word' id='word_1_270' title='bbox 1206 3468 1274 3511; x_wconf 88' lang='lat' dir='ltr'><strong>oum</strong></span> 
     </span>
     <span class='ocr_line' id='line_1_31' title="bbox 61 3551 1278 3631; baseline -0.001 -19"><span class='ocrx_word' id='word_1_271' title='bbox 61 3551 167 3612; x_wconf 80' lang='lat' dir='ltr'><strong>ecdem</strong></span> <span class='ocrx_word' id='word_1_272' title='bbox 188 3568 327 3627; x_wconf 61' lang='lat' dir='ltr'><strong>prorsus,</strong></span> <span class='ocrx_word' id='word_1_273' title='bbox 339 3551 555 3612; x_wconf 86' lang='lat' dir='ltr'><strong>distributione</strong></span> <span class='ocrx_word' id='word_1_274' title='bbox 576 3554 749 3631; x_wconf 77' lang='lat' dir='ltr'><strong>signorum,</strong></span> <span class='ocrx_word' id='word_1_275' title='bbox 777 3565 810 3615; x_wconf 92' lang='lat' dir='ltr'><strong>ut</strong></span> <span class='ocrx_word' id='word_1_276' title='bbox 839 3555 980 3615; x_wconf 77' lang='lat' dir='ltr'><strong>zodiacus</strong></span> <span class='ocrx_word' id='word_1_277' title='bbox 1007 3556 1038 3614; x_wconf 90' lang='lat' dir='ltr'><strong>in</strong></span> <span class='ocrx_word' id='word_1_278' title='bbox 1061 3556 1173 3631; x_wconf 89' lang='lat' dir='ltr'><strong>templo</strong></span> <span class='ocrx_word' id='word_1_279' title='bbox 1196 3554 1278 3618; x_wconf 75' lang='lat' dir='ltr'><strong>&#39;liam</strong></span> 
     </span>
     <span class='ocr_line' id='line_1_32' title="bbox 59 3630 1275 3737; baseline 0.007 -26"><span class='ocrx_word' id='word_1_280' title='bbox 59 3661 160 3731; x_wconf 76' lang='lat' dir='ltr'><strong>tyrae.</strong></span> <span class='ocrx_word' id='word_1_281' title='bbox 185 3630 266 3727; x_wconf 72' lang='lat' dir='ltr'><strong>Quae</strong></span> <span class='ocrx_word' id='word_1_282' title='bbox 288 3655 388 3713; x_wconf 83' lang='lat' dir='ltr'><strong>omnia</strong></span> <span class='ocrx_word' id='word_1_283' title='bbox 404 3664 583 3734; x_wconf 76' lang='lat' dir='ltr'><strong>argumento</strong></span> <span class='ocrx_word' id='word_1_284' title='bbox 596 3665 668 3715; x_wconf 90' lang='lat' dir='ltr'><strong>sunt</strong></span> <span class='ocrx_word' id='word_1_285' title='bbox 688 3658 902 3730; x_wconf 83' lang='lat' dir='ltr'><strong>invictissimo,</strong></span> <span class='ocrx_word' id='word_1_286' title='bbox 925 3661 1027 3737; x_wconf 88' lang='lat' dir='ltr'><strong>inepte</strong></span> <span class='ocrx_word' id='word_1_287' title='bbox 1041 3677 1171 3737; x_wconf 87' lang='lat' dir='ltr'><strong>prorsus</strong></span> <span class='ocrx_word' id='word_1_288' title='bbox 1195 3672 1275 3729; x_wconf 59' lang='lat' dir='ltr'><strong>essm</strong></span> 
     </span>
     <span class='ocr_line' id='line_1_33' title="bbox 55 3758 1274 3853; baseline 0.005 -33"><span class='ocrx_word' id='word_1_289' title='bbox 55 3763 139 3840; x_wconf 82' lang='lat' dir='ltr'><strong>qnae</strong></span> <span class='ocrx_word' id='word_1_290' title='bbox 161 3758 319 3818; x_wconf 88' lang='lat' dir='ltr'><strong>increduli</strong></span> <span class='ocrx_word' id='word_1_291' title='bbox 345 3776 405 3819; x_wconf 91' lang='lat' dir='ltr'><strong>non</strong></span> <span class='ocrx_word' id='word_1_292' title='bbox 435 3761 477 3819; x_wconf 88' lang='lat' dir='ltr'><strong>ita</strong></span> <span class='ocrx_word' id='word_1_293' title='bbox 498 3760 616 3853; x_wconf 87' lang='lat' dir='ltr'><strong>pridem</strong></span> <span class='ocrx_word' id='word_1_294' title='bbox 637 3762 706 3823; x_wconf 91' lang='lat' dir='ltr'><strong>inde</strong></span> <span class='ocrx_word' id='word_1_295' title='bbox 735 3773 841 3824; x_wconf 87' lang='lat' dir='ltr'><strong>contra</strong></span> <span class='ocrx_word' id='word_1_296' title='bbox 872 3766 1088 3824; x_wconf 85' lang='lat' dir='ltr'><strong>revelationem</strong></span> <span class='ocrx_word' id='word_1_297' title='bbox 1123 3783 1158 3841; x_wconf 83' lang='lat' dir='ltr'><strong>so</strong></span> <span class='ocrx_word' id='word_1_298' title='bbox 1179 3764 1274 3852; x_wconf 87' lang='lat' dir='ltr'><strong>intor-</strong></span> 
     </span>
     <span class='ocr_line' id='line_1_34' title="bbox 53 3862 528 3957; baseline -0.004 -31"><span class='ocrx_word' id='word_1_299' title='bbox 53 3880 167 3957; x_wconf 28' lang='grc' dir='ltr'><strong>ᾳιιηοεο</strong></span> <span class='ocrx_word' id='word_1_300' title='bbox 178 3880 286 3941; x_wconf 89' lang='lat' dir='ltr'><strong>posse</strong></span> <span class='ocrx_word' id='word_1_301' title='bbox 293 3865 457 3941; x_wconf 80' lang='lat' dir='ltr'><strong>censebant</strong></span> <span class='ocrx_word' id='word_1_302' title='bbox 480 3862 528 3947; x_wconf 64' lang='grc'><strong>3)</strong></span> 
     </span>
    </p>
   </div>
   <div class='ocr_carea' id='block_1_2' title="bbox 42 4112 1273 4509">
    <p class='ocr_par' dir='ltr' id='par_1_3' title="bbox 42 4112 1273 4325">
     <span class='ocr_line' id='line_1_35' title="bbox 78 4112 1273 4246; baseline 0.012 -35.119"><span class='ocrx_word' id='word_1_303' title='bbox 78 4112 206 4232; x_wconf 42' lang='grc' dir='ltr'><strong>11111Ι</strong></span> <span class='ocrx_word' id='word_1_304' title='bbox 199 4176 229 4231; x_wconf 76' lang='lat' dir='ltr'><strong>p,</strong></span> <span class='ocrx_word' id='word_1_305' title='bbox 242 4163 316 4230; x_wconf 84' lang='grc'>211..</span> <span class='ocrx_word' id='word_1_306' title='bbox 314 4163 367 4228; x_wconf 79' lang='lat' dir='ltr'><strong>ci.</strong></span> <span class='ocrx_word' id='word_1_307' title='bbox 385 4168 539 4234; x_wconf 61' lang='lat' dir='ltr'><strong>nquptre,</strong></span> <span class='ocrx_word' id='word_1_308' title='bbox 558 4169 678 4236; x_wconf 58' lang='lat' dir='ltr'><strong>Histoire</strong></span> <span class='ocrx_word' id='word_1_309' title='bbox 696 4170 768 4237; x_wconf 55' lang='lat' dir='ltr'><strong>dep</strong></span> <span class='ocrx_word' id='word_1_310' title='bbox 783 4173 1098 4240; x_wconf 60' lang='lat' dir='ltr'><strong>attenuante-amntem</strong></span> <span class='ocrx_word' id='word_1_311' title='bbox 1111 4169 1182 4241; x_wconf 63' lang='lat' dir='ltr'><strong>liar,</strong></span> <span class='ocrx_word' id='word_1_312' title='bbox 1193 4174 1273 4246; x_wconf 80' lang='grc'>1817</span> 
     </span>
     <span class='ocr_line' id='line_1_36' title="bbox 42 4252 392 4325; baseline 0 -20"><span class='ocrx_word' id='word_1_313' title='bbox 42 4252 70 4307; x_wconf 71' lang='grc' dir='ltr'><em>ι</em></span> <span class='ocrx_word' id='word_1_314' title='bbox 93 4259 131 4325; x_wconf 62' lang='lat'><strong>15</strong></span> <span class='ocrx_word' id='word_1_315' title='bbox 148 4256 240 4313; x_wconf 56' lang='grc' dir='ltr'><strong>Μαί</strong></span> <span class='ocrx_word' id='word_1_316' title='bbox 242 4266 286 4324; x_wconf 96' lang='grc' dir='ltr'><strong>Ρ</strong></span> <span class='ocrx_word' id='word_1_317' title='bbox 307 4254 392 4323; x_wconf 63' lang='lat'><strong>¹125</strong></span> 
     </span>
    </p>

    <p class='ocr_par' dir='ltr' id='par_1_4' title="bbox 87 4341 685 4412">
     <span class='ocr_line' id='line_1_37' title="bbox 87 4341 685 4412; baseline 0.013 -18"><span class='ocrx_word' id='word_1_318' title='bbox 87 4345 119 4407; x_wconf 54' lang='grc' dir='ltr'><strong>Β)</strong></span> <span class='ocrx_word' id='word_1_319' title='bbox 142 4341 409 4411; x_wconf 55' lang='lat' dir='ltr'><strong>Cincinnnatus,</strong></span> <span class='ocrx_word' id='word_1_320' title='bbox 428 4344 449 4397; x_wconf 93' lang='lat' dir='ltr'><strong>t</strong></span> <span class='ocrx_word' id='word_1_321' title='bbox 468 4357 496 4399; x_wconf 89' lang='lat' dir='ltr'><strong>o</strong></span> <span class='ocrx_word' id='word_1_322' title='bbox 502 4359 537 4412; x_wconf 74' lang='lat' dir='ltr'><strong>p</strong></span> <span class='ocrx_word' id='word_1_323' title='bbox 556 4348 685 4405; x_wconf 72' lang='lat' dir='ltr'><strong>donn.-</strong></span> 
     </span>
    </p>

    <p class='ocr_par' dir='ltr' id='par_1_5' title="bbox 88 4427 1273 4509">
     <span class='ocr_line' id='line_1_38' title="bbox 88 4427 1273 4509; baseline 0.014 -30"><span class='ocrx_word' id='word_1_324' title='bbox 88 4429 118 4497; x_wconf 73' lang='lat'><strong>2)</strong></span> <span class='ocrx_word' id='word_1_325' title='bbox 141 4427 185 4483; x_wconf 79' lang='lat' dir='ltr'><strong>(li.</strong></span> <span class='ocrx_word' id='word_1_326' title='bbox 203 4429 308 4490; x_wconf 86' lang='lat' dir='ltr'><strong>Biol,</strong></span> <span class='ocrx_word' id='word_1_327' title='bbox 332 4435 504 4491; x_wconf 73' lang='lat' dir='ltr'><strong>Rectercttea</strong></span> <span class='ocrx_word' id='word_1_328' title='bbox 521 4452 567 4486; x_wconf 82' lang='lat' dir='ltr'><strong>sin</strong></span> <span class='ocrx_word' id='word_1_329' title='bbox 582 4438 717 4494; x_wconf 65' lang='lat' dir='ltr'><strong>plusieurs</strong></span> <span class='ocrx_word' id='word_1_330' title='bbox 731 4439 819 4496; x_wconf 83' lang='lat' dir='ltr'><strong>noints</strong></span> <span class='ocrx_word' id='word_1_331' title='bbox 836 4441 908 4490; x_wconf 83' lang='lat' dir='ltr'><strong>ict’</strong></span> <span class='ocrx_word' id='word_1_332' title='bbox 926 4445 1088 4493; x_wconf 80' lang='lat' dir='ltr'><strong>ostronomte</strong></span> <span class='ocrx_word' id='word_1_333' title='bbox 1107 4439 1273 4509; x_wconf 73' lang='lat' dir='ltr'><strong>eppotienue,</strong></span> 
     </span>
    </p>
   </div>
   <div class='ocr_carea' id='block_1_3' title="bbox 39 4496 1274 4662">
    <p class='ocr_par' dir='ltr' id='par_1_6' title="bbox 39 4496 1274 4662">
     <span class='ocr_line' id='line_1_39' title="bbox 39 4496 1274 4662; baseline 0.014 -94"><span class='ocrx_word' id='word_1_334' title='bbox 39 4496 281 4662; x_wconf 36' lang='lat'><strong>3⁰13&amp;-</strong></span> <span class='ocrx_word' id='word_1_335' title='bbox 249 4520 531 4584; x_wconf 39' lang='lat' dir='ltr'><strong>witerne-,ne</strong></span> <span class='ocrx_word' id='word_1_336' title='bbox 556 4526 693 4587; x_wconf 70' lang='lat' dir='ltr'><strong>Proeteoc</strong></span> <span class='ocrx_word' id='word_1_337' title='bbox 718 4529 799 4580; x_wconf 77' lang='lat' dir='ltr'><strong>rtem.</strong></span> <span class='ocrx_word' id='word_1_338' title='bbox 827 4525 869 4579; x_wconf 83' lang='lat' dir='ltr'><strong>cd.</strong></span> <span class='ocrx_word' id='word_1_339' title='bbox 898 4527 968 4582; x_wconf 72' lang='lat' dir='ltr'><strong>laon</strong></span> <span class='ocrx_word' id='word_1_340' title='bbox 996 4528 1122 4596; x_wconf 71' lang='lat' dir='ltr'><strong>istaes,</strong></span> <span class='ocrx_word' id='word_1_341' title='bbox 1149 4528 1274 4600; x_wconf 59' lang='lat' dir='ltr'><strong>ch</strong></span> 
     </span>
    </p>
   </div>
   <div class='ocr_carea' id='block_1_4' title="bbox 0 0 1468 5168">
    <p class='ocr_par' dir='ltr' id='par_1_7' title="bbox 0 0 1468 5168">
     <span class='ocr_line' id='line_1_40' title="bbox 0 0 1468 5168; baseline 0 3"><span class='ocrx_word' id='word_1_342' title='bbox 0 0 1468 5168; x_wconf 95' lang='lat' dir='ltr'><strong> </strong></span> 
     </span>
    </p>
   </div>
  </div>
 </body>
</html>
