2926 5168
239 698 299 778 De
323 703 402 777 vito
426 700 501 778 Dei
524 702 727 792 absoluto,
761 727 830 778 seu
861 704 908 778 de
934 701 1018 781 Deo
1055 708 1197 782 triano.

521 1035 547 1119 5.
571 1033 639 1106 29.
663 1032 910 1105 'l'ransitio

200 1206 452 1283 Quemadmodum
473 1209 557 1267 Deus
581 1208 677 1285 quoad
695 1209 890 1270 existentiam
914 1225 1001 1267 suam
1022 1207 1162 1268 absolute
1183 1225 1325 1267 necessa·

115 1317 192 1386 rius,
216 1325 245 1374 et
266 1315 333 1373 idco
356 1315 471 1373 infinite
494 1322 542 1372 cst
564 1315 735 1391 perfectus:
758 1317 800 1374 ita
824 1333 939 1391 quoquc
963 1313 1057 1391 quoad
1079 1307 1113 1372 τό
1134 1311 1328 1391 πνευματικόν

115 1440 170 1480 seu
193 1422 286 1479 vitam
310 1438 413 1489 suam,
445 1419 473 1477 h.
496 1438 522 1480 e.
545 1420 642 1495 quoad
664 1422 868 1498 cognitionem
892 1428 921 1479 et
943 1422 1148 1486 voluntatem,
1178 1412 1326 1496 βοὺλησιν,

114 1528 232 1605 pariter
255 1526 395 1585 absoluta
417 1526 601 1584 necessitate
625 1543 660 1584 ac
682 1526 800 1585 infinita
823 1526 1012 1602 perfectione
1034 1522 1190 1600 praeditus
1212 1524 1254 1580 sit
1275 1541 1326 1582 ne·

117 1649 207 1691 cesse
235 1640 291 1689 est.
319 1634 413 1689 Prout
435 1649 509 1708 ergo
531 1633 615 1689 Deus
646 1631 921 1707 perfectissimam,
952 1648 1007 1708 per
1039 1647 1073 1688 se
1096 1624 1327 1698 subsistentem,

117 1739 223 1813 suique
245 1737 396 1795 consciam
418 1737 624 1804 existentiam,
646 1737 692 1794 sic
715 1737 806 1795 etiam
828 1736 1071 1813 intelligentiam,
1095 1752 1151 1793 nec
1173 1752 1232 1792 non
1255 1734 1328 1793 dile·

118 1827 255 1900 ctionem'
271 1842 386 1900 infinite
407 1841 583 1919 perfectam,
605 1861 659 1919 pcr
681 1861 715 1900 se
733 1842 961 1911 subsistentem,
983 1859 1051 1901 eum
1074 1842 1122 1899 sui
1140 1841 1329 1900 conscientia

119 1946 309 2021 conjunctam
329 1947 481 2023 possidet,
511 1964 564 2004 seu
588 1954 650 2005 tum
679 1947 774 2023 quoad
807 1949 1021 2017 existentiam,
1058 1955 1122 2005 tum
1155 1946 1250 2024 quoad
1282 1946 1325 2003 in·

119 2053 341 2130 telligentiam,
372 2061 434 2110 tum
466 2051 562 2128 quoad
583 2052 769 2112 voluntatem
790 2045 982 2124 αὐτεξοῦσιος
1003 2061 1092 2131 atque
1114 2053 1162 2111 sui
1183 2068 1327 2112 necessa·

119 2160 165 2217 rio
187 2160 329 2219 conscius
353 2166 408 2217 ost.

200 2264 287 2322 Licet
308 2265 419 2340 itaque,
441 2273 474 2322 ut
495 2264 636 2335 vidimus,
659 2281 735 2321 unus
758 2263 879 2323 nonnisi
902 2264 989 2324 detur
1019 2265 1122 2334 Deus,
1146 2265 1235 2323 unica
1256 2283 1328 2322 non·

117 2373 176 2430 nisi
206 2372 246 2428 sit
279 2370 379 2428 divina
408 2377 516 2428 natura
545 2387 580 2427 ac
614 2369 799 2427 substantia:
831 2368 907 2428 haee
940 2378 1041 2428 tamen
1078 2387 1137 2427 una
1169 2369 1330 2446 eademque

118 2485 226 2535 natura
249 2485 278 2535 et
301 2474 473 2534 substantia
495 2474 525 2531 in
548 2473 646 2533 tribus
675 2469 840 2552 suppositis
864 2492 917 2533 seu
940 2477 1081 2552 personis
1104 2476 1264 2545 subsistit,
1286 2477 1329 2534 in·

116 2583 223 2643 divisis
246 2581 374 2660 quidem,
397 2587 529 2639 attamen
552 2598 570 2637 a
592 2597 627 2636 se
649 2580 773 2638 realiter
797 2579 961 2642 distinctis.
992 2576 1171 2657 Adpellatur
1194 2582 1331 2642 doctrina

115 2688 202 2757 haee,
225 2706 300 2764 quae
322 2689 420 2746 Deum
443 2686 576 2745 triunum
599 2703 668 2746 csse
690 2688 807 2759 statuit,
832 2705 887 2746 seu
908 2697 974 2747 tres
996 2685 1064 2748 dari
1087 2689 1203 2748 divinas
1226 2710 1330 2769 perso·

114 2815 173 2855 nas
195 2797 283 2854 unius
307 2794 499 2872 ejusdemque
521 2813 580 2853 non
604 2796 724 2873 speeie,
758 2793 811 2854 sed
838 2810 964 2854 numero
989 2794 1178 2854 substantiae
1201 2797 1329 2864 divinae,

114 2902 348 2976 mysterium
371 2901 429 2961 SS.
453 2902 694 2982 Trinitatis3
715 2920 807 2979 quum
829 2902 913 2959 illam
936 2903 995 2960 soli
1024 2903 1203 2964 revelationi
1227 2906 1256 2963 in
1281 2924 1329 2964 ac·

112 3009 215 3086 ceptis
237 3008 419 3075 referamus,
442 3009 579 3085 ratioque
601 3009 749 3067 naturalis
776 3026 830 3084 per
853 3024 887 3065 se
910 3008 1009 3084 ipsam
1031 3025 1181 3085 nunquam
1204 3008 1241 3067 ad
1264 3008 1329 3084 ejus

114 3115 324 3191 cognitionem
346 3115 555 3191 pervenisset,
583 3116 655 3173 lieet
682 3116 712 3172 in
741 3133 823 3183 eam,
851 3122 1011 3192 postquam
1034 3132 1089 3195 per
1110 3117 1329 3175 revelationem

113 3221 251 3281 divinam
272 3219 360 3278 nobis
382 3220 522 3289 innotuit,
545 3220 719 3279 adcuratius
750 3220 904 3296 inquirere
933 3227 964 3278 et
986 3219 1051 3294 ejus
1073 3221 1221 3297 profunda
1242 3223 1329 3300 quasi

106 3325 251 3385 scrutari
273 3335 374 3402 queat,
397 3325 474 3404 quod
497 3335 527 3384 et
549 3344 699 3403 nunquam
727 3344 786 3384 non
810 3327 948 3388 tentavit.
978 3327 1063 3386 Unde
1086 3335 1116 3385 et
1138 3347 1204 3397 nos,
1228 3348 1329 3407 quem·

106 3430 276 3491 admodum
308 3430 496 3508 disciplinam
527 3440 663 3490 nostram
684 3432 816 3508 alioquin
840 3431 944 3502 decet,
967 3440 1000 3490 ut
1022 3433 1141 3510 ubique,
1164 3436 1208 3493 ita
1237 3436 1329 3494 ctiam

103 3534 176 3606 lric,
199 3538 377 3610 mysterium
399 3547 538 3596 nostrum
568 3557 641 3615 prae
674 3538 811 3598 omnibus
835 3559 851 3597 e
873 3538 1007 3598 fontibus
1029 3540 1228 3600 revelationis
1259 3560 1328 3617 pro·

102 3641 193 3720 priis
214 3641 419 3717 probabimus,
443 3649 472 3700 et
494 3641 600 3701 deinde
621 3643 838 3719 principaliora
867 3644 1032 3702 tentamina
1063 3642 1136 3703 illud
1159 3645 1328 3723 explicandi

103 3757 143 3807 et
168 3765 224 3823 per
246 3764 281 3806 ss
302 3747 411 3824 ipsum,
432 3747 462 3806 h.
487 3766 513 3808 e.
538 3765 576 3806 ex
597 3744 664 3805 idea
685 3748 744 3807 Dei
766 3745 993 3807 demonstrandi
1015 3747 1199 3822 adjiciemus.

381 3953 406 4036 §.
429 3950 493 4021 30.
515 3953 792 4024 Momentum
815 3952 1063 4024 doctrinae.

197 4129 355 4199 Doctrina,
378 4146 467 4206 qnam
489 4129 577 4189 modo
601 4132 762 4190 tractaturi
785 4149 909 4200 sumus,
941 4131 1120 4210 gravissimi
1152 4141 1199 4193 est
1221 4134 1329 4211 ponde·

102 4238 179 4305 ris,
203 4237 273 4314 quin
296 4236 355 4293 imo
387 4236 517 4312 primum
547 4255 582 4295 ac
604 4253 752 4296 summum
775 4237 938 4318 religionis
961 4235 1157 4299 Christianae
1180 4248 1269 4316 caput
1292 4240 1329 4316 ¹).

102 4340 239 4401 Etenim

199 4445 227 4510 1.
250 4447 355 4506 attinet
372 4448 448 4523 ipsa,
467 4456 499 4505 ut
514 4448 709 4525 praecedens,
729 4449 765 4508 ad
785 4451 882 4509 Deum
899 4451 1010 4527 ipsum,
1033 4466 1182 4509 summum
1198 4452 1327 4519 Bonum,

102 4562 206 4635 utque
231 4552 295 4632 ejus
323 4553 552 4614 inscrutabilem
579 4560 717 4613 naturam
744 4555 831 4615 nobis
852 4554 1025 4619 adcuratius
1049 4556 1086 4622 ob
1109 4557 1212 4619 oeulos
1234 4557 1328 4638 ponit,
