2926 5168
125 173 186 257 1²12

123 351 185 416 que
210 341 301 395 certo
315 327 347 394 in
364 329 521 414 temporis
544 329 678 416 aevique
696 329 800 415 spatio
818 329 940 395 initium
961 329 1086 407 habuit,
1109 332 1191 399 etin
1213 330 1326 399 eodem

123 447 213 501 certo
245 434 400 520 temporis
426 435 563 522 aevique
593 434 714 521 spatio,
737 435 841 521 quoad
865 447 987 512 manet,
1009 450 1211 523 perseverat.
1232 439 1327 518 Quod

120 540 208 606 idem
221 542 261 605 de
275 540 369 620 loco,
391 539 446 604 ubi
468 540 525 616 sit,
548 539 657 605 dicere
673 540 832 606 convenit.
855 539 1020 627 Siquidem
1043 562 1107 609 non
1127 555 1240 629 potest
1263 565 1327 609 non

123 665 198 709 esse
212 644 345 717 alicubi,
369 644 397 708 si
415 657 467 708 est
482 644 598 731 aliquid
615 644 770 710 limitibus
786 644 1081 732 circumscriptum,
1105 661 1138 713 et
1159 649 1233 713 ideo
1260 647 1323 712 sibi

8 785 11 794 .
121 750 275 815 inclusam
305 749 403 814 habet
430 770 561 814 causam
588 761 621 814 et
641 749 831 837 principium
853 751 1004 816 movendi
1043 765 1077 817 et
1109 751 1322 840 quiescendi3

121 858 206 944 quod
224 869 393 943 utrumqne
420 855 668 921 determinatum
684 868 727 939 et
746 867 872 941 tempus
908 850 959 920 et‘
977 858 1085 927 locum
1109 856 1255 944 requirit.
1286 857 1330 919 At

122 982 201 1026 vero
228 962 311 1048 qnod
333 959 488 1031 inlinitum
513 973 582 1036 est,
604 961 636 1025 id
661 973 784 1039 certum
804 982 841 1026 ac
862 960 1027 1026 delinitum
1046 974 1194 1027 neutrum
1212 961 1328 1034 habet,

122 1068 181 1131 sed
193 1086 320 1131 omnem
335 1065 518 1151 possibilis,
540 1066 587 1130 uti
603 1065 778 1153 temporis,
801 1066 845 1130 ita
861 1078 895 1128 et
908 1066 971 1132 loci
996 1066 1247 1132 immensitatem
1273 1087 1328 1130 ex·

120 1171 233 1237 haurit.
255 1170 425 1256 Ejusmodi
458 1171 544 1256 jam,
567 1193 661 1257 quem
708 1191 787 1258 vera
823 1183 858 1254 et*
890 1169 1056 1236 Catholica
1084 1170 1202 1259 religio
1232 1169 1329 1245 colit,

121 1277 212 1340 Deus
229 1288 288 1340 est.

48 1469 50 1473 ι
203 1381 267 1445 Est
283 1381 391 1467 itaque
412 1381 466 1444 im
478 1402 560 1445 men
571 1381 676 1445 sitas
698 1382 777 1446 Dei
789 1429 801 1463 ,
825 1383 864 1444 de
881 1400 942 1466 qua
958 1378 1010 1444 hic
1028 1379 1123 1443 nobis
1137 1399 1248 1443 sermo
1261 1388 1323 1452 est,

120 1485 163 1550 nil
198 1486 299 1561 aliud,
336 1507 429 1572 quam
460 1486 690 1550 illimitata
720 1487 814 1570 ejus
846 1468 882 1551 in
904 1483 1033 1550 rebus
1057 1483 1320 1549 omnibusin·

125 1590 365 1656 existentia
387 1611 458 1654 seu
479 1575 739 1674 praesentia,
762 1592 831 1668 vel,
864 1604 898 1655 nt
925 1590 1109 1656 adcuratius
1138 1591 1324 1675 loquamur,

123 1695 203 1759 illa
245 1694 468 1779 perfectio,
496 1715 569 1781 qua
602 1694 715 1759 Deus
754 1696 869 1759 omni
899 1696 1078 1761 termino
1115 1691 1248 1780 spatii
1279 1711 1324 1755 ac

121 1798 223 1876 loci,
245 1819 321 1864 nec
343 1819 423 1862 non
446 1797 728 1873 extensione,
751 1820 827 1864 seu
849 1798 1135 1866 concretione
1163 1798 1234 1884 (th
1265 1798 1325 1864 tte

127 1903 432 1990 bentlnccbtrftt'tte)
457 1923 636 1979 carens,
658 1925 726 1968 res
749 1926 896 1981 omnes
917 1903 1107 1990 pervadit
1134 1923 1181 1967 ac
1210 1895 1325 1986 pene·

123 2024 216 2087 trat,
239 2011 382 2097 iisque
405 2031 483 2075 non
504 2021 660 2074 tantum
683 2010 964 2096 suapotentia
986 2030 1033 2074 ac
1056 2005 1323 2092 operatione,

124 2119 198 2182 sed
221 2129 262 2181 et
282 2137 360 2181 sua
382 2115 633 2191 substantia
653 2114 806 2179 intime
827 2128 1036 2200 praesens
1065 2125 1148 2188 est,
1178 2122 1221 2177 et
1243 2108 1320 2198 qui·

123 2222 210 2287 dem
232 2233 365 2296 totus,
387 2234 427 2286 et
447 2222 608 2306 absque
630 2220 715 2283 ulla
736 2219 995 2285 limitatione
1017 2241 1062 2298 aqu
1086 2215 1285 2284 termino.

204 2324 287 2391 Hinc
301 2346 363 2390 non
380 2337 432 2388 est
443 2317 540 2388 ‘Deus
555 2323 587 2387 in
605 2322 744 2411 singulis
762 2329 865 2388 rebus
881 2324 1124 2413 atquesingnlis
1140 2320 1205 2386 loci
1228 2316 1322 2405 parti·

125 2430 185 2494 bus
199 2450 357 2516 praesens
373 2451 432 2514 per
458 2424 665 2503 divisionem,
687 2429 741 2492 vel
766 2428 1080 2513 multiplicationem,
1102 2427 1155 2492 vel
1180 2445 1322 2511 percon·

123 2546 244 2600 tactum
252 2534 430 2619 'physicum
450 2516 597 2617 corporis
620 2533 742 2609 instar,
765 2535 824 2597 sed
844 2544 994 2618 tanquam
1018 2533 1156 2619 simplex
1182 2530 1318 2603 omnino,

127 2640 244 2726 ubique
256 2652 364 2715 totns,
387 2641 483 2703 modo
493 2637 741 2726 simplicissimo.
752 2637 875 2702 Verum
884 2638 1086 2724 etiamporro
1103 2639 1204 2702 rebus
1229 2623 1325 2700 omni·¹

128 2745 189 2809 bns
210 2764 249 2809 ac
265 2744 349 2810 locis
367 2765 430 2807 non
453 2745 548 2807 adest
572 2743 672 2807 instar
698 2748 781 2806 entis
805 2743 941 2829 alicujus
968 2743 1123 2829 simplicis
1144 2740 1244 2817 liniti,
1267 2759 1322 2804 seu

125 2849 258 2935 spiritus
283 2855 403 2926 creati,
426 2848 479 2935 qui
501 2859 589 2912 totus
616 2846 720 2912 estin
748 2848 842 2921 loco,
866 2867 904 2912 ac
920 2859 1008 2914 totus
1026 2849 1059 2912 in
1077 2846 1221 2934 qualibet
1236 2856 1325 2931 parte

125 2954 207 3031 loci,
231 2966 264 3019 et
280 2966 388 3019 tamen
404 2953 477 3018 loco
501 2953 658 3018 clauditur
683 2972 721 3018 ac
744 2953 935 3018 continetur.
956 2953 1041 3016 Nam
1064 2951 1327 3038 quemadmodum

124 3059 216 3124 Deus
236 3080 295 3144 pro
316 3080 377 3123 sna
405 3057 597 3122 aeternitate
618 3057 717 3122 nullis
740 3057 896 3142 temporis
923 3057 1035 3144 spatiis
1061 3055 1265 3132 continetur,
1285 3053 1327 3118 ita

84 3226 86 3231 ,
127 3165 225 3229 etiam
236 3186 296 3251 pro
311 3184 369 3231 sua
376 3162 589 3229 immensitate
599 3162 843 3228 nullislocorum
855 3162 1009 3227 limitibus
1017 3159 1197 3234 includitur,
1216 3158 1328 3223 v'erum

125 3281 220 3355 prout
242 3270 312 3355 ipse
328 3268 361 3333 in
379 3279 527 3352 tempore
544 3279 687 3344 nonest,
710 3268 770 3332 sed
788 3280 916 3352 tempus
926 3267 958 3331 in
979 3266 1068 3352 ipso,
1095 3266 1141 3331 ita
1168 3265 1270 3329 etiam
1297 3262 1328 3327 in

125 3375 225 3440 rebus
240 3396 304 3440 non
321 3366 392 3450 est,
413 3374 473 3439 sed
488 3394 543 3438 res
568 3372 600 3437 in
622 3373 712 3458 ipso,
745 3385 778 3438 et
799 3373 884 3438 sicut
906 3372 977 3458 ipse
1004 3371 1090 3435 omni
1114 3369 1325 3435 successione

126 3492 238 3556 caret,
268 3499 371 3565 neque
400 3498 459 3563 per
490 3489 599 3562 partes
631 3478 809 3552 evolvitur,
839 3477 883 3540 ita
910 3497 1034 3563 quoque
1054 3486 1146 3542 caret
1169 3473 1258 3538 omni
1279 3490 1329 3538 ex·

118 3584 293 3663 tensione,
316 3602 377 3647 nec
394 3602 452 3666 per
475 3582 578 3668 spatia
596 3581 757 3650 dividitor.
773 3579 864 3646 Unde
886 3582 992 3667 potins
1011 3561 1090 3646 cum'
1100 3581 1172 3645 loco
1182 3580 1239 3644 vel
1255 3590 1328 3643 tem·

125 3712 214 3777 pore,
237 3708 331 3775 quam
348 3688 380 3751 in
398 3688 470 3751 loco
484 3688 535 3751 vel
553 3699 700 3773 tempore
716 3687 808 3750 Deus
824 3698 885 3762 est,
906 3698 942 3750 ut
964 3685 1010 3751 ait
1039 3685 1270 3750 Anselmus
1292 3683 1326 3766 ¹),

126 3806 220 3881 atque
235 3814 297 3858 non
315 3804 380 3857 tam
390 3793 492 3858 hocce
508 3791 676 3868 contineri,
688 3813 782 3878 mam
794 3793 900 3863 locum
914 3791 1019 3875 ipsum
1037 3789 1204 3856 continere
1227 3789 1328 3855 dicen·

127 3900 204 3975 dus,
225 3897 270 3961 ita
278 3907 334 3970 ut,
358 3907 505 3960 assumta
518 3893 641 3959 inlinita
656 3914 766 3958 rerum
781 3915 820 3960 ac
835 3895 981 3961 locorum
994 3894 1210 3971 multitudine,
1235 3898 1328 3960 omni·

127 4006 187 4068 bus
215 4003 357 4066 adesset.
385 4001 503 4064 Modus
521 3999 647 4085 itaque,
680 4019 742 4084 quo
780 4000 872 4064 Deus
899 3999 1115 4065 immensitate
1142 4018 1203 4063 sua
1228 3999 1324 4064 omnia

127 4109 231 4195 replet
247 4105 468 4186 accontinet',
491 4103 565 4191 quin
584 4116 690 4168 tamen
714 4105 753 4168 ab
776 4105 922 4169 omnibus
945 4104 1162 4186 contineatur,
1193 4121 1325 4190 prorsus

129 4211 302 4304 singularis
335 4222 401 4287 est,
433 4222 528 4296 atque
554 4219 700 4274 amente
722 4221 845 4286 nostra,
867 4209 1144 4296 phantasmatibus
1164 4220 1198 4273 et
1219 4228 1325 4293 corpo·

57 4391 59 4397 ,
129 4319 196 4385 reis
225 4315 420 4407 imaginibus
436 4326 587 4391 assueta,
609 4335 671 4380 nec
701 4335 780 4380 vere
802 4315 927 4399 concipi
945 4335 1006 4380 nec
1025 4313 1180 4401 explicari
1194 4323 1310 4398 potest

129 4493 361 4510 m

166 4555 188 4620 ¹)
207 4557 309 4608 Mouet.
327 4571 351 4608 c.
371 4557 420 4612 22.
440 4552 510 4619 opp.
535 4565 561 4618 p.
581 4553 613 4603 12
629 4565 655 4604 s.
