<?xml version="1.0" encoding="UTF-8"?>
<!DOCTYPE html PUBLIC "-//W3C//DTD XHTML 1.0 Transitional//EN"
    "http://www.w3.org/TR/xhtml1/DTD/xhtml1-transitional.dtd">
<html xmlns="http://www.w3.org/1999/xhtml" xml:lang="en" lang="en">
 <head>
  <title>
</title>
<meta http-equiv="Content-Type" content="text/html;charset=utf-8" />
  <meta name='ocr-system' content='tesseract 3.04.00' />
  <meta name='ocr-capabilities' content='ocr_page ocr_carea ocr_par ocr_line ocrx_word'/>
</head>
<body>
  <div class='ocr_page' id='page_1' title='image "./theologiadogmat01schwgoog_0371.png"; bbox 0 0 2926 5168; ppageno 0'>
   <div class='ocr_carea' id='block_1_1' title="bbox 121 197 184 266">
    <p class='ocr_par' dir='ltr' id='par_1_1' title="bbox 121 197 184 266">
     <span class='ocr_line' id='line_1_1' title="bbox 121 197 184 266; baseline 0 0"><span class='ocrx_word' id='word_1_1' title='bbox 121 197 184 266; x_wconf 79' lang='grc'><strong>358</strong></span> 
     </span>
    </p>
   </div>
   <div class='ocr_carea' id='block_1_2' title="bbox 50 344 1340 4336">
    <p class='ocr_par' dir='ltr' id='par_1_2' title="bbox 123 344 1328 650">
     <span class='ocr_line' id='line_1_2' title="bbox 125 344 1327 439; baseline -0.002 -25"><span class='ocrx_word' id='word_1_2' title='bbox 125 350 318 415; x_wconf 80' lang='lat' dir='ltr'><strong>adversetur</strong></span> <span class='ocrx_word' id='word_1_3' title='bbox 334 345 476 413; x_wconf 90' lang='lat' dir='ltr'><strong>infinitae</strong></span> <span class='ocrx_word' id='word_1_4' title='bbox 492 346 562 430; x_wconf 88' lang='lat' dir='ltr'><strong>ejus</strong></span> <span class='ocrx_word' id='word_1_5' title='bbox 576 344 779 431; x_wconf 79' lang='lat' dir='ltr'><strong>perfectioni,</strong></span> <span class='ocrx_word' id='word_1_6' title='bbox 787 345 854 417; x_wconf 85' lang='lat' dir='ltr'><strong>dari</strong></span> <span class='ocrx_word' id='word_1_7' title='bbox 873 362 1120 439; x_wconf 88' lang='lat' dir='ltr'><strong>potestpraeter</strong></span> <span class='ocrx_word' id='word_1_8' title='bbox 1144 368 1229 421; x_wconf 91' lang='lat' dir='ltr'><strong>eam,</strong></span> <span class='ocrx_word' id='word_1_9' title='bbox 1253 364 1327 432; x_wconf 85' lang='lat' dir='ltr'><strong>quae</strong></span> 
     </span>
     <span class='ocr_line' id='line_1_3' title="bbox 123 450 1328 543; baseline -0.007 -23"><span class='ocrx_word' id='word_1_10' title='bbox 123 457 272 520; x_wconf 83' lang='lat' dir='ltr'><strong>landatur</strong></span> <span class='ocrx_word' id='word_1_11' title='bbox 292 453 325 518; x_wconf 92' lang='lat' dir='ltr'><strong>in</strong></span> <span class='ocrx_word' id='word_1_12' title='bbox 348 451 560 538; x_wconf 78' lang='lat' dir='ltr'><strong>processione</strong></span> <span class='ocrx_word' id='word_1_13' title='bbox 582 452 676 517; x_wconf 90' lang='lat' dir='ltr'><strong>unius</strong></span> <span class='ocrx_word' id='word_1_14' title='bbox 697 476 857 540; x_wconf 79' lang='lat' dir='ltr'><strong>personae</strong></span> <span class='ocrx_word' id='word_1_15' title='bbox 872 461 912 524; x_wconf 94' lang='lat' dir='ltr'><strong>ab</strong></span> <span class='ocrx_word' id='word_1_16' title='bbox 928 458 1000 525; x_wconf 86' lang='lat' dir='ltr'><strong>alia.</strong></span> <span class='ocrx_word' id='word_1_17' title='bbox 1025 456 1063 522; x_wconf 87' lang='lat' dir='ltr'><strong>Si</strong></span> <span class='ocrx_word' id='word_1_18' title='bbox 1081 475 1166 543; x_wconf 87' lang='lat' dir='ltr'><strong>ergo</strong></span> <span class='ocrx_word' id='word_1_19' title='bbox 1189 450 1328 536; x_wconf 82' lang='lat' dir='ltr'><strong>Spiritus</strong></span> 
     </span>
     <span class='ocr_line' id='line_1_4' title="bbox 125 554 1328 650; baseline -0.009 -20"><span class='ocrx_word' id='word_1_20' title='bbox 125 567 161 630; x_wconf 88' lang='lat' dir='ltr'><strong>S.</strong></span> <span class='ocrx_word' id='word_1_21' title='bbox 184 560 451 648; x_wconf 90' lang='lat' dir='ltr'><strong>nonprocederet</strong></span> <span class='ocrx_word' id='word_1_22' title='bbox 473 558 603 623; x_wconf 82' lang='lat' dir='ltr'><strong>aritio:</strong></span> <span class='ocrx_word' id='word_1_23' title='bbox 626 561 666 623; x_wconf 89' lang='lat' dir='ltr'><strong>ab</strong></span> <span class='ocrx_word' id='word_1_24' title='bbox 690 582 729 624; x_wconf 93' lang='lat' dir='ltr'><strong>eo</strong></span> <span class='ocrx_word' id='word_1_25' title='bbox 751 563 883 628; x_wconf 88' lang='lat' dir='ltr'><strong>realiter</strong></span> <span class='ocrx_word' id='word_1_26' title='bbox 905 586 968 630; x_wconf 92' lang='lat' dir='ltr'><strong>non</strong></span> <span class='ocrx_word' id='word_1_27' title='bbox 991 573 1108 650; x_wconf 84' lang='lat' dir='ltr'><strong>posset</strong></span> <span class='ocrx_word' id='word_1_28' title='bbox 1127 555 1284 645; x_wconf 82' lang='lat' dir='ltr'><strong>distingui</strong></span> <span class='ocrx_word' id='word_1_29' title='bbox 1299 554 1328 637; x_wconf 63' lang='grc' dir='ltr'><strong>ί).</strong></span> 
     </span>
    </p>

    <p class='ocr_par' dir='ltr' id='par_1_3' title="bbox 124 659 1336 1814">
     <span class='ocr_line' id='line_1_5' title="bbox 206 659 1330 755; baseline -0.01 -22"><span class='ocrx_word' id='word_1_30' title='bbox 206 670 356 733; x_wconf 81' lang='lat' dir='ltr'><strong>Tandem</strong></span> <span class='ocrx_word' id='word_1_31' title='bbox 376 666 405 730; x_wconf 93' lang='lat' dir='ltr'><strong>si</strong></span> <span class='ocrx_word' id='word_1_32' title='bbox 427 665 569 751; x_wconf 79' lang='lat' dir='ltr'><strong>Spiritus</strong></span> <span class='ocrx_word' id='word_1_33' title='bbox 593 668 641 747; x_wconf 87' lang='lat' dir='ltr'><strong>S,</strong></span> <span class='ocrx_word' id='word_1_34' title='bbox 664 680 817 755; x_wconf 89' lang='lat' dir='ltr'><strong>utsupra</strong></span> <span class='ocrx_word' id='word_1_35' title='bbox 845 670 1062 743; x_wconf 89' lang='lat' dir='ltr'><strong>ostendimus,</strong></span> <span class='ocrx_word' id='word_1_36' title='bbox 1085 690 1148 733; x_wconf 91' lang='lat' dir='ltr'><strong>non</strong></span> <span class='ocrx_word' id='word_1_37' title='bbox 1181 673 1250 738; x_wconf 88' lang='lat' dir='ltr'><strong>est,</strong></span> <span class='ocrx_word' id='word_1_38' title='bbox 1271 659 1330 724; x_wconf 90' lang='lat' dir='ltr'><strong>uisi</strong></span> 
     </span>
     <span class='ocr_line' id='line_1_6' title="bbox 124 770 1331 862; baseline -0.012 -19"><span class='ocrx_word' id='word_1_39' title='bbox 124 797 214 843; x_wconf 91' lang='lat' dir='ltr'><strong>amor</strong></span> <span class='ocrx_word' id='word_1_40' title='bbox 237 775 422 846; x_wconf 89' lang='lat' dir='ltr'><strong>absolutus,</strong></span> <span class='ocrx_word' id='word_1_41' title='bbox 446 770 496 836; x_wconf 89' lang='lat' dir='ltr'><strong>sui</strong></span> <span class='ocrx_word' id='word_1_42' title='bbox 519 771 682 847; x_wconf 89' lang='lat' dir='ltr'><strong>conscius,</strong></span> <span class='ocrx_word' id='word_1_43' title='bbox 706 776 898 858; x_wconf 89' lang='lat' dir='ltr'><strong>personalis,</strong></span> <span class='ocrx_word' id='word_1_44' title='bbox 921 777 953 841; x_wconf 93' lang='lat' dir='ltr'><strong>in</strong></span> <span class='ocrx_word' id='word_1_45' title='bbox 977 797 1039 862; x_wconf 91' lang='lat' dir='ltr'><strong>quo</strong></span> <span class='ocrx_word' id='word_1_46' title='bbox 1061 776 1168 846; x_wconf 89' lang='lat' dir='ltr'><strong>Deus,</strong></span> <span class='ocrx_word' id='word_1_47' title='bbox 1193 790 1232 833; x_wconf 88' lang='lat' dir='ltr'><strong>se</strong></span> <span class='ocrx_word' id='word_1_48' title='bbox 1253 788 1331 832; x_wconf 90' lang='lat' dir='ltr'><strong>sum·</strong></span> 
     </span>
     <span class='ocr_line' id='line_1_7' title="bbox 126 876 1332 969; baseline -0.011 -20"><span class='ocrx_word' id='word_1_49' title='bbox 126 905 212 949; x_wconf 84' lang='lat' dir='ltr'><strong>muru</strong></span> <span class='ocrx_word' id='word_1_50' title='bbox 226 883 343 946; x_wconf 91' lang='lat' dir='ltr'><strong>bonum</strong></span> <span class='ocrx_word' id='word_1_51' title='bbox 361 879 392 943; x_wconf 90' lang='lat' dir='ltr'><strong>in</strong></span> <span class='ocrx_word' id='word_1_52' title='bbox 406 877 519 943; x_wconf 90' lang='lat' dir='ltr'><strong>Verbo</strong></span> <span class='ocrx_word' id='word_1_53' title='bbox 538 878 740 966; x_wconf 87' lang='lat' dir='ltr'><strong>intelligens,</strong></span> <span class='ocrx_word' id='word_1_54' title='bbox 765 903 801 944; x_wconf 90' lang='lat' dir='ltr'><strong>se</strong></span> <span class='ocrx_word' id='word_1_55' title='bbox 819 881 943 969; x_wconf 79' lang='lat' dir='ltr'><strong>diligit3</strong></span> <span class='ocrx_word' id='word_1_56' title='bbox 967 901 1055 944; x_wconf 88' lang='lat' dir='ltr'><strong>amor</strong></span> <span class='ocrx_word' id='word_1_57' title='bbox 1075 890 1184 944; x_wconf 89' lang='lat' dir='ltr'><strong>autem</strong></span> <span class='ocrx_word' id='word_1_58' title='bbox 1208 876 1262 941; x_wconf 90' lang='lat' dir='ltr'><strong>bic</strong></span> <span class='ocrx_word' id='word_1_59' title='bbox 1282 893 1332 937; x_wconf 93' lang='lat' dir='ltr'><strong>ne·</strong></span> 
     </span>
     <span class='ocr_line' id='line_1_8' title="bbox 125 983 1332 1075; baseline -0.008 -22"><span class='ocrx_word' id='word_1_60' title='bbox 125 1009 186 1075; x_wconf 91' lang='lat' dir='ltr'><strong>que</strong></span> <span class='ocrx_word' id='word_1_61' title='bbox 200 1008 219 1052; x_wconf 93' lang='lat' dir='ltr'><strong>a</strong></span> <span class='ocrx_word' id='word_1_62' title='bbox 234 986 331 1050; x_wconf 89' lang='lat' dir='ltr'><strong>Patre</strong></span> <span class='ocrx_word' id='word_1_63' title='bbox 352 1005 456 1069; x_wconf 89' lang='lat' dir='ltr'><strong>neque</strong></span> <span class='ocrx_word' id='word_1_64' title='bbox 479 1006 497 1047; x_wconf 95' lang='lat' dir='ltr'><strong>a</strong></span> <span class='ocrx_word' id='word_1_65' title='bbox 518 984 599 1049; x_wconf 75' lang='lat' dir='ltr'><strong>Filio</strong></span> <span class='ocrx_word' id='word_1_66' title='bbox 622 987 692 1049; x_wconf 91' lang='lat' dir='ltr'><strong>solo</strong></span> <span class='ocrx_word' id='word_1_67' title='bbox 701 1033 714 1066; x_wconf 88' lang='lat'><strong>,</strong></span> <span class='ocrx_word' id='word_1_68' title='bbox 738 989 796 1052; x_wconf 86' lang='lat' dir='ltr'><strong>sed</strong></span> <span class='ocrx_word' id='word_1_69' title='bbox 818 1009 836 1050; x_wconf 90' lang='lat' dir='ltr'><strong>a</strong></span> <span class='ocrx_word' id='word_1_70' title='bbox 859 987 958 1053; x_wconf 89' lang='lat' dir='ltr'><strong>Patre</strong></span> <span class='ocrx_word' id='word_1_71' title='bbox 983 997 1016 1050; x_wconf 88' lang='lat' dir='ltr'><strong>et</strong></span> <span class='ocrx_word' id='word_1_72' title='bbox 1036 985 1120 1050; x_wconf 78' lang='lat' dir='ltr'><strong>Filio</strong></span> <span class='ocrx_word' id='word_1_73' title='bbox 1144 983 1241 1050; x_wconf 91' lang='lat' dir='ltr'><strong>simul</strong></span> <span class='ocrx_word' id='word_1_74' title='bbox 1265 1001 1332 1062; x_wconf 88' lang='lat' dir='ltr'><strong>pro·</strong></span> 
     </span>
     <span class='ocr_line' id='line_1_9' title="bbox 125 1086 1333 1176; baseline -0.01 -15"><span class='ocrx_word' id='word_1_75' title='bbox 125 1094 231 1176; x_wconf 83' lang='lat' dir='ltr'><strong>cedit,</strong></span> <span class='ocrx_word' id='word_1_76' title='bbox 261 1102 373 1176; x_wconf 86' lang='lat' dir='ltr'><strong>utpote</strong></span> <span class='ocrx_word' id='word_1_77' title='bbox 412 1090 486 1176; x_wconf 92' lang='lat' dir='ltr'><strong>quia</strong></span> <span class='ocrx_word' id='word_1_78' title='bbox 523 1101 658 1175; x_wconf 92' lang='lat' dir='ltr'><strong>uterque</strong></span> <span class='ocrx_word' id='word_1_79' title='bbox 692 1103 779 1156; x_wconf 90' lang='lat' dir='ltr'><strong>amat</strong></span> <span class='ocrx_word' id='word_1_80' title='bbox 808 1091 985 1158; x_wconf 87' lang='lat' dir='ltr'><strong>essentiam</strong></span> <span class='ocrx_word' id='word_1_81' title='bbox 1015 1091 1168 1164; x_wconf 89' lang='lat' dir='ltr'><strong>divinam,</strong></span> <span class='ocrx_word' id='word_1_82' title='bbox 1200 1086 1333 1174; x_wconf 88' lang='lat' dir='ltr'><strong>quaein</strong></span> 
     </span>
     <span class='ocr_line' id='line_1_10' title="bbox 125 1195 1333 1286; baseline -0.008 -20"><span class='ocrx_word' id='word_1_83' title='bbox 125 1213 263 1286; x_wconf 90' lang='lat' dir='ltr'><strong>utroque</strong></span> <span class='ocrx_word' id='word_1_84' title='bbox 284 1219 346 1262; x_wconf 92' lang='lat' dir='ltr'><strong>una</strong></span> <span class='ocrx_word' id='word_1_85' title='bbox 369 1210 438 1273; x_wconf 91' lang='lat' dir='ltr'><strong>est,</strong></span> <span class='ocrx_word' id='word_1_86' title='bbox 462 1196 645 1280; x_wconf 89' lang='lat' dir='ltr'><strong>etquidem</strong></span> <span class='ocrx_word' id='word_1_87' title='bbox 668 1199 829 1262; x_wconf 90' lang='lat' dir='ltr'><strong>voluntate</strong></span> <span class='ocrx_word' id='word_1_88' title='bbox 854 1199 1033 1274; x_wconf 82' lang='lat' dir='ltr'><strong>essentiali,</strong></span> <span class='ocrx_word' id='word_1_89' title='bbox 1057 1197 1179 1284; x_wconf 92' lang='lat' dir='ltr'><strong>pariter</strong></span> <span class='ocrx_word' id='word_1_90' title='bbox 1197 1195 1230 1260; x_wconf 88' lang='lat' dir='ltr'><strong>in</strong></span> <span class='ocrx_word' id='word_1_91' title='bbox 1250 1204 1333 1258; x_wconf 91' lang='lat' dir='ltr'><strong>utro·</strong></span> 
     </span>
     <span class='ocr_line' id='line_1_11' title="bbox 126 1298 1333 1392; baseline -0.007 -22"><span class='ocrx_word' id='word_1_92' title='bbox 126 1327 186 1392; x_wconf 88' lang='lat' dir='ltr'><strong>que</strong></span> <span class='ocrx_word' id='word_1_93' title='bbox 216 1327 294 1380; x_wconf 90' lang='lat' dir='ltr'><strong>una,</strong></span> <span class='ocrx_word' id='word_1_94' title='bbox 320 1303 365 1366; x_wconf 87' lang='lat' dir='ltr'><strong>ita</strong></span> <span class='ocrx_word' id='word_1_95' title='bbox 393 1314 429 1366; x_wconf 92' lang='lat' dir='ltr'><strong>ut</strong></span> <span class='ocrx_word' id='word_1_96' title='bbox 446 1301 587 1388; x_wconf 82' lang='lat' dir='ltr'><strong>Spiritus</strong></span> <span class='ocrx_word' id='word_1_97' title='bbox 617 1304 652 1368; x_wconf 89' lang='lat' dir='ltr'><strong>S.</strong></span> <span class='ocrx_word' id='word_1_98' title='bbox 677 1325 767 1367; x_wconf 89' lang='lat' dir='ltr'><strong>amor</strong></span> <span class='ocrx_word' id='word_1_99' title='bbox 788 1305 954 1390; x_wconf 90' lang='lat' dir='ltr'><strong>utriusque</strong></span> <span class='ocrx_word' id='word_1_100' title='bbox 977 1324 1129 1378; x_wconf 84' lang='lat' dir='ltr'><strong>concors,</strong></span> <span class='ocrx_word' id='word_1_101' title='bbox 1152 1303 1206 1366; x_wconf 88' lang='lat' dir='ltr'><strong>vel</strong></span> <span class='ocrx_word' id='word_1_102' title='bbox 1228 1298 1333 1386; x_wconf 86' lang='lat' dir='ltr'><strong>potius</strong></span> 
     </span>
     <span class='ocr_line' id='line_1_12' title="bbox 125 1404 1332 1495; baseline -0.006 -19"><span class='ocrx_word' id='word_1_103' title='bbox 125 1411 256 1476; x_wconf 90' lang='lat' dir='ltr'><strong>unicors</strong></span> <span class='ocrx_word' id='word_1_104' title='bbox 274 1408 331 1473; x_wconf 87' lang='lat' dir='ltr'><strong>sit:</strong></span> <span class='ocrx_word' id='word_1_105' title='bbox 356 1428 398 1473; x_wconf 87' lang='lat' dir='ltr'><strong>ox</strong></span> <span class='ocrx_word' id='word_1_106' title='bbox 418 1407 490 1492; x_wconf 90' lang='lat' dir='ltr'><strong>ipsa</strong></span> <span class='ocrx_word' id='word_1_107' title='bbox 517 1406 658 1492; x_wconf 89' lang='lat' dir='ltr'><strong>Spiritus</strong></span> <span class='ocrx_word' id='word_1_108' title='bbox 681 1410 716 1473; x_wconf 88' lang='lat' dir='ltr'><strong>S.</strong></span> <span class='ocrx_word' id='word_1_109' title='bbox 739 1409 845 1474; x_wconf 88' lang='lat' dir='ltr'><strong>indole</strong></span> <span class='ocrx_word' id='word_1_110' title='bbox 868 1421 974 1494; x_wconf 90' lang='lat' dir='ltr'><strong>patet,</strong></span> <span class='ocrx_word' id='word_1_111' title='bbox 995 1410 1103 1495; x_wconf 90' lang='lat' dir='ltr'><strong>ipsum</strong></span> <span class='ocrx_word' id='word_1_112' title='bbox 1132 1404 1332 1483; x_wconf 89' lang='lat' dir='ltr'><strong>necessario,</strong></span> 
     </span>
     <span class='ocr_line' id='line_1_13' title="bbox 125 1511 1333 1600; baseline -0.007 -19"><span class='ocrx_word' id='word_1_113' title='bbox 125 1529 161 1581; x_wconf 95' lang='lat' dir='ltr'><strong>ut</strong></span> <span class='ocrx_word' id='word_1_114' title='bbox 181 1539 200 1582; x_wconf 92' lang='lat' dir='ltr'><strong>a</strong></span> <span class='ocrx_word' id='word_1_115' title='bbox 224 1522 321 1581; x_wconf 88' lang='lat' dir='ltr'><strong>Patre</strong></span> <span class='ocrx_word' id='word_1_116' title='bbox 342 1525 375 1578; x_wconf 86' lang='lat' dir='ltr'><strong>et</strong></span> <span class='ocrx_word' id='word_1_117' title='bbox 392 1512 473 1577; x_wconf 81' lang='lat' dir='ltr'><strong>Filio</strong></span> <span class='ocrx_word' id='word_1_118' title='bbox 483 1559 496 1593; x_wconf 92' lang='lat'><strong>,</strong></span> <span class='ocrx_word' id='word_1_119' title='bbox 517 1524 551 1576; x_wconf 90' lang='lat' dir='ltr'><strong>et</strong></span> <span class='ocrx_word' id='word_1_120' title='bbox 566 1513 693 1597; x_wconf 90' lang='lat' dir='ltr'><strong>quidem</strong></span> <span class='ocrx_word' id='word_1_121' title='bbox 704 1524 865 1599; x_wconf 86' lang='lat' dir='ltr'><strong>tamquam</strong></span> <span class='ocrx_word' id='word_1_122' title='bbox 883 1537 943 1580; x_wconf 91' lang='lat' dir='ltr'><strong>uno</strong></span> <span class='ocrx_word' id='word_1_123' title='bbox 968 1513 1125 1600; x_wconf 89' lang='lat' dir='ltr'><strong>principio</strong></span> <span class='ocrx_word' id='word_1_124' title='bbox 1160 1511 1333 1598; x_wconf 86' lang='lat' dir='ltr'><strong>proceden-</strong></span> 
     </span>
     <span class='ocr_line' id='line_1_14' title="bbox 127 1617 1336 1709; baseline -0.007 -23"><span class='ocrx_word' id='word_1_125' title='bbox 127 1635 193 1688; x_wconf 89' lang='lat' dir='ltr'><strong>tem</strong></span> <span class='ocrx_word' id='word_1_126' title='bbox 209 1619 417 1709; x_wconf 88' lang='lat' dir='ltr'><strong>cogitandnm</strong></span> <span class='ocrx_word' id='word_1_127' title='bbox 433 1637 527 1702; x_wconf 80' lang='lat' dir='ltr'><strong>esse3</strong></span> <span class='ocrx_word' id='word_1_128' title='bbox 551 1617 709 1702; x_wconf 90' lang='lat' dir='ltr'><strong>quoniam,</strong></span> <span class='ocrx_word' id='word_1_129' title='bbox 727 1617 801 1685; x_wconf 91' lang='lat' dir='ltr'><strong>licet</strong></span> <span class='ocrx_word' id='word_1_130' title='bbox 816 1621 879 1684; x_wconf 90' lang='lat' dir='ltr'><strong>duo</strong></span> <span class='ocrx_word' id='word_1_131' title='bbox 897 1620 962 1685; x_wconf 89' lang='lat' dir='ltr'><strong>sint</strong></span> <span class='ocrx_word' id='word_1_132' title='bbox 977 1631 1144 1694; x_wconf 89' lang='lat' dir='ltr'><strong>amantes,</strong></span> <span class='ocrx_word' id='word_1_133' title='bbox 1173 1638 1259 1681; x_wconf 88' lang='lat' dir='ltr'><strong>unus</strong></span> <span class='ocrx_word' id='word_1_134' title='bbox 1289 1625 1336 1679; x_wconf 89' lang='lat' dir='ltr'><strong>ast</strong></span> 
     </span>
     <span class='ocr_line' id='line_1_15' title="bbox 127 1723 1196 1814; baseline -0.006 -21"><span class='ocrx_word' id='word_1_135' title='bbox 127 1739 234 1793; x_wconf 68' lang='lat' dir='ltr'><strong>tamam</strong></span> <span class='ocrx_word' id='word_1_136' title='bbox 257 1746 368 1812; x_wconf 81' lang='lat' dir='ltr'><strong>amor3</strong></span> <span class='ocrx_word' id='word_1_137' title='bbox 391 1744 453 1808; x_wconf 92' lang='lat' dir='ltr'><strong>quo</strong></span> <span class='ocrx_word' id='word_1_138' title='bbox 476 1743 522 1798; x_wconf 87' lang='lat' dir='ltr'><strong>se,</strong></span> <span class='ocrx_word' id='word_1_139' title='bbox 552 1741 611 1788; x_wconf 90' lang='lat' dir='ltr'><strong>seu</strong></span> <span class='ocrx_word' id='word_1_140' title='bbox 643 1723 821 1789; x_wconf 88' lang='lat' dir='ltr'><strong>essentiam</strong></span> <span class='ocrx_word' id='word_1_141' title='bbox 837 1725 977 1790; x_wconf 90' lang='lat' dir='ltr'><strong>divinam</strong></span> <span class='ocrx_word' id='word_1_142' title='bbox 1001 1725 1135 1814; x_wconf 88' lang='lat' dir='ltr'><strong>diligunt</strong></span> <span class='ocrx_word' id='word_1_143' title='bbox 1158 1723 1196 1809; x_wconf 69' lang='grc'><strong>2).</strong></span> 
     </span>
    </p>

    <p class='ocr_par' dir='ltr' id='par_1_4' title="bbox 50 1828 1340 2844">
     <span class='ocr_line' id='line_1_16' title="bbox 209 1828 1336 1919; baseline -0.006 -23"><span class='ocrx_word' id='word_1_144' title='bbox 209 1831 304 1896; x_wconf 89' lang='lat' dir='ltr'><strong>Unde</strong></span> <span class='ocrx_word' id='word_1_145' title='bbox 321 1849 383 1893; x_wconf 92' lang='lat' dir='ltr'><strong>una</strong></span> <span class='ocrx_word' id='word_1_146' title='bbox 402 1828 577 1914; x_wconf 85' lang='lat' dir='ltr'><strong>colligitur,</strong></span> <span class='ocrx_word' id='word_1_147' title='bbox 601 1848 699 1913; x_wconf 89' lang='lat' dir='ltr'><strong>quare</strong></span> <span class='ocrx_word' id='word_1_148' title='bbox 717 1828 860 1914; x_wconf 87' lang='lat' dir='ltr'><strong>Spiritus</strong></span> <span class='ocrx_word' id='word_1_149' title='bbox 883 1830 917 1894; x_wconf 87' lang='lat' dir='ltr'><strong>S.</strong></span> <span class='ocrx_word' id='word_1_150' title='bbox 926 1852 988 1895; x_wconf 92' lang='lat' dir='ltr'><strong>non</strong></span> <span class='ocrx_word' id='word_1_151' title='bbox 1006 1853 1066 1917; x_wconf 94' lang='lat' dir='ltr'><strong>per</strong></span> <span class='ocrx_word' id='word_1_152' title='bbox 1083 1828 1336 1919; x_wconf 83' lang='lat' dir='ltr'><strong>generationem,</strong></span> 
     </span>
     <span class='ocr_line' id='line_1_17' title="bbox 128 1933 1337 2021; baseline -0.006 -20"><span class='ocrx_word' id='word_1_153' title='bbox 128 1936 174 2001; x_wconf 88' lang='lat' dir='ltr'><strong>uti</strong></span> <span class='ocrx_word' id='word_1_154' title='bbox 195 1935 310 2010; x_wconf 77' lang='lat' dir='ltr'><strong>Filius,</strong></span> <span class='ocrx_word' id='word_1_155' title='bbox 342 1935 401 1998; x_wconf 90' lang='lat' dir='ltr'><strong>sed</strong></span> <span class='ocrx_word' id='word_1_156' title='bbox 432 1953 490 2020; x_wconf 91' lang='lat' dir='ltr'><strong>per</strong></span> <span class='ocrx_word' id='word_1_157' title='bbox 521 1933 702 2018; x_wconf 90' lang='lat' dir='ltr'><strong>simplicem</strong></span> <span class='ocrx_word' id='word_1_158' title='bbox 731 1935 979 2019; x_wconf 88' lang='lat' dir='ltr'><strong>processionem</strong></span> <span class='ocrx_word' id='word_1_159' title='bbox 1007 1957 1066 2000; x_wconf 88' lang='lat' dir='ltr'><strong>seu</strong></span> <span class='ocrx_word' id='word_1_160' title='bbox 1088 1935 1337 2021; x_wconf 85' lang='lat' dir='ltr'><strong>spirationema</strong></span> 
     </span>
     <span class='ocr_line' id='line_1_18' title="bbox 50 2037 1337 2127; baseline -0.005 -19"><span class='ocrx_word' id='word_1_161' title='bbox 50 2058 59 2075; x_wconf 80' lang='grc'><strong>·’</strong></span> <span class='ocrx_word' id='word_1_162' title='bbox 128 2044 228 2120; x_wconf 77' lang='lat' dir='ltr'><strong>Patre</strong></span> <span class='ocrx_word' id='word_1_163' title='bbox 244 2051 277 2106; x_wconf 90' lang='lat' dir='ltr'><strong>et</strong></span> <span class='ocrx_word' id='word_1_164' title='bbox 291 2037 373 2104; x_wconf 83' lang='lat' dir='ltr'><strong>Filio</strong></span> <span class='ocrx_word' id='word_1_165' title='bbox 390 2040 559 2126; x_wconf 86' lang='lat' dir='ltr'><strong>procedat.</strong></span> <span class='ocrx_word' id='word_1_166' title='bbox 580 2040 665 2105; x_wconf 91' lang='lat' dir='ltr'><strong>Nam</strong></span> <span class='ocrx_word' id='word_1_167' title='bbox 681 2060 776 2126; x_wconf 89' lang='lat' dir='ltr'><strong>quum</strong></span> <span class='ocrx_word' id='word_1_168' title='bbox 795 2041 965 2126; x_wconf 90' lang='lat' dir='ltr'><strong>processio</strong></span> <span class='ocrx_word' id='word_1_169' title='bbox 987 2040 1129 2127; x_wconf 87' lang='lat' dir='ltr'><strong>Spiritus</strong></span> <span class='ocrx_word' id='word_1_170' title='bbox 1152 2041 1189 2105; x_wconf 90' lang='lat' dir='ltr'><strong>S.</strong></span> <span class='ocrx_word' id='word_1_171' title='bbox 1212 2039 1269 2104; x_wconf 85' lang='lat' dir='ltr'><strong>fiat</strong></span> <span class='ocrx_word' id='word_1_172' title='bbox 1284 2057 1337 2123; x_wconf 86' lang='lat' dir='ltr'><strong>per</strong></span> 
     </span>
     <span class='ocr_line' id='line_1_19' title="bbox 129 2143 1338 2220; baseline -0.007 -7"><span class='ocrx_word' id='word_1_173' title='bbox 129 2159 239 2213; x_wconf 90' lang='lat' dir='ltr'><strong>actum</strong></span> <span class='ocrx_word' id='word_1_174' title='bbox 260 2143 453 2210; x_wconf 88' lang='lat' dir='ltr'><strong>voluntatis:</strong></span> <span class='ocrx_word' id='word_1_175' title='bbox 476 2164 540 2207; x_wconf 92' lang='lat' dir='ltr'><strong>non</strong></span> <span class='ocrx_word' id='word_1_176' title='bbox 566 2143 603 2208; x_wconf 91' lang='lat' dir='ltr'><strong>[it</strong></span> <span class='ocrx_word' id='word_1_177' title='bbox 633 2146 809 2210; x_wconf 89' lang='lat' dir='ltr'><strong>secundum</strong></span> <span class='ocrx_word' id='word_1_178' title='bbox 841 2146 1000 2211; x_wconf 90' lang='lat' dir='ltr'><strong>rationem</strong></span> <span class='ocrx_word' id='word_1_179' title='bbox 1023 2143 1263 2220; x_wconf 88' lang='lat' dir='ltr'><strong>similitudinis,</strong></span> <span class='ocrx_word' id='word_1_180' title='bbox 1285 2143 1338 2206; x_wconf 91' lang='lat' dir='ltr'><strong>sed</strong></span> 
     </span>
     <span class='ocr_line' id='line_1_20' title="bbox 129 2247 1337 2335; baseline -0.007 -17"><span class='ocrx_word' id='word_1_181' title='bbox 129 2252 306 2318; x_wconf 88' lang='lat' dir='ltr'><strong>secundum</strong></span> <span class='ocrx_word' id='word_1_182' title='bbox 333 2248 490 2315; x_wconf 89' lang='lat' dir='ltr'><strong>rationem</strong></span> <span class='ocrx_word' id='word_1_183' title='bbox 517 2248 624 2313; x_wconf 89' lang='lat' dir='ltr'><strong>vitalis</strong></span> <span class='ocrx_word' id='word_1_184' title='bbox 652 2249 831 2335; x_wconf 81' lang='lat' dir='ltr'><strong>impulsus3</strong></span> <span class='ocrx_word' id='word_1_185' title='bbox 855 2270 947 2316; x_wconf 90' lang='lat' dir='ltr'><strong>amor</strong></span> <span class='ocrx_word' id='word_1_186' title='bbox 981 2249 1067 2314; x_wconf 86' lang='lat' dir='ltr'><strong>enim</strong></span> <span class='ocrx_word' id='word_1_187' title='bbox 1090 2270 1154 2314; x_wconf 90' lang='lat' dir='ltr'><strong>non</strong></span> <span class='ocrx_word' id='word_1_188' title='bbox 1175 2247 1281 2314; x_wconf 88' lang='lat' dir='ltr'><strong>tendit</strong></span> <span class='ocrx_word' id='word_1_189' title='bbox 1302 2247 1337 2311; x_wconf 89' lang='lat' dir='ltr'><strong>ad</strong></span> 
     </span>
     <span class='ocr_line' id='line_1_21' title="bbox 130 2351 1338 2442; baseline -0.005 -20"><span class='ocrx_word' id='word_1_190' title='bbox 130 2355 374 2442; x_wconf 86' lang='lat' dir='ltr'><strong>exprimendam</strong></span> <span class='ocrx_word' id='word_1_191' title='bbox 406 2352 646 2420; x_wconf 87' lang='lat' dir='ltr'><strong>similitudinem</strong></span> <span class='ocrx_word' id='word_1_192' title='bbox 677 2354 793 2431; x_wconf 89' lang='lat' dir='ltr'><strong>amati,</strong></span> <span class='ocrx_word' id='word_1_193' title='bbox 825 2356 886 2419; x_wconf 88' lang='lat' dir='ltr'><strong>sed</strong></span> <span class='ocrx_word' id='word_1_194' title='bbox 915 2368 980 2420; x_wconf 90' lang='lat' dir='ltr'><strong>est·</strong></span> <span class='ocrx_word' id='word_1_195' title='bbox 997 2351 1159 2420; x_wconf 90' lang='lat' dir='ltr'><strong>inclinatio</strong></span> <span class='ocrx_word' id='word_1_196' title='bbox 1182 2351 1338 2417; x_wconf 87' lang='lat' dir='ltr'><strong>vitalisiu</strong></span> 
     </span>
     <span class='ocr_line' id='line_1_22' title="bbox 129 2456 1340 2545; baseline -0.007 -17"><span class='ocrx_word' id='word_1_197' title='bbox 129 2464 226 2529; x_wconf 90' lang='lat' dir='ltr'><strong>illum.</strong></span> <span class='ocrx_word' id='word_1_198' title='bbox 249 2459 391 2545; x_wconf 87' lang='lat' dir='ltr'><strong>Spiritus</strong></span> <span class='ocrx_word' id='word_1_199' title='bbox 413 2459 448 2523; x_wconf 94' lang='lat' dir='ltr'><strong>S.</strong></span> <span class='ocrx_word' id='word_1_200' title='bbox 470 2459 598 2545; x_wconf 88' lang='lat' dir='ltr'><strong>quidem</strong></span> <span class='ocrx_word' id='word_1_201' title='bbox 610 2458 756 2543; x_wconf 85' lang='lat' dir='ltr'><strong>perfecte</strong></span> <span class='ocrx_word' id='word_1_202' title='bbox 783 2458 896 2524; x_wconf 89' lang='lat' dir='ltr'><strong>similis</strong></span> <span class='ocrx_word' id='word_1_203' title='bbox 924 2472 975 2526; x_wconf 89' lang='lat' dir='ltr'><strong>est</strong></span> <span class='ocrx_word' id='word_1_204' title='bbox 999 2458 1091 2525; x_wconf 85' lang='lat' dir='ltr'><strong>Patri</strong></span> <span class='ocrx_word' id='word_1_205' title='bbox 1113 2468 1148 2522; x_wconf 89' lang='lat' dir='ltr'><strong>et</strong></span> <span class='ocrx_word' id='word_1_206' title='bbox 1181 2456 1281 2529; x_wconf 65' lang='lat' dir='ltr'><strong>sitim</strong></span> <span class='ocrx_word' id='word_1_207' title='bbox 1310 2466 1340 2520; x_wconf 85' lang='lat' dir='ltr'><strong>at</strong></span> 
     </span>
     <span class='ocr_line' id='line_1_23' title="bbox 132 2559 1339 2648; baseline -0.007 -17"><span class='ocrx_word' id='word_1_208' title='bbox 132 2572 194 2633; x_wconf 92' lang='lat' dir='ltr'><strong>hoc</strong></span> <span class='ocrx_word' id='word_1_209' title='bbox 215 2587 280 2632; x_wconf 91' lang='lat' dir='ltr'><strong>non</strong></span> <span class='ocrx_word' id='word_1_210' title='bbox 312 2566 411 2629; x_wconf 88' lang='lat' dir='ltr'><strong>babet</strong></span> <span class='ocrx_word' id='word_1_211' title='bbox 433 2584 476 2628; x_wconf 88' lang='lat' dir='ltr'><strong>ex</strong></span> <span class='ocrx_word' id='word_1_212' title='bbox 497 2562 531 2628; x_wconf 89' lang='lat' dir='ltr'><strong>vi</strong></span> <span class='ocrx_word' id='word_1_213' title='bbox 560 2565 781 2648; x_wconf 89' lang='lat' dir='ltr'><strong>processionis</strong></span> <span class='ocrx_word' id='word_1_214' title='bbox 809 2586 907 2642; x_wconf 89' lang='lat' dir='ltr'><strong>snae,</strong></span> <span class='ocrx_word' id='word_1_215' title='bbox 935 2568 995 2632; x_wconf 90' lang='lat' dir='ltr'><strong>sed</strong></span> <span class='ocrx_word' id='word_1_216' title='bbox 1025 2566 1129 2631; x_wconf 90' lang='lat' dir='ltr'><strong>solnm</strong></span> <span class='ocrx_word' id='word_1_217' title='bbox 1144 2561 1240 2636; x_wconf 89' lang='lat' dir='ltr'><strong>inde,</strong></span> <span class='ocrx_word' id='word_1_218' title='bbox 1262 2559 1339 2647; x_wconf 90' lang='lat' dir='ltr'><strong>quod</strong></span> 
     </span>
     <span class='ocr_line' id='line_1_24' title="bbox 134 2667 1339 2756; baseline -0.006 -19"><span class='ocrx_word' id='word_1_219' title='bbox 134 2683 249 2738; x_wconf 87' lang='lat' dir='ltr'><strong>natura</strong></span> <span class='ocrx_word' id='word_1_220' title='bbox 268 2669 374 2735; x_wconf 89' lang='lat' dir='ltr'><strong>divina</strong></span> <span class='ocrx_word' id='word_1_221' title='bbox 396 2674 499 2734; x_wconf 83' lang='lat' dir='ltr'><strong>amori</strong></span> <span class='ocrx_word' id='word_1_222' title='bbox 523 2668 644 2746; x_wconf 86' lang='lat' dir='ltr'><strong>divino,</strong></span> <span class='ocrx_word' id='word_1_223' title='bbox 668 2681 779 2756; x_wconf 90' lang='lat' dir='ltr'><strong>utpote</strong></span> <span class='ocrx_word' id='word_1_224' title='bbox 801 2671 994 2743; x_wconf 87' lang='lat' dir='ltr'><strong>necessario</strong></span> <span class='ocrx_word' id='word_1_225' title='bbox 1018 2670 1069 2734; x_wconf 89' lang='lat' dir='ltr'><strong>sui</strong></span> <span class='ocrx_word' id='word_1_226' title='bbox 1090 2667 1238 2742; x_wconf 87' lang='lat' dir='ltr'><strong>conscio,</strong></span> <span class='ocrx_word' id='word_1_227' title='bbox 1262 2686 1339 2732; x_wconf 89' lang='lat' dir='ltr'><strong>com·</strong></span> 
     </span>
     <span class='ocr_line' id='line_1_25' title="bbox 135 2774 624 2844; baseline -0.008 0"><span class='ocrx_word' id='word_1_228' title='bbox 135 2777 316 2844; x_wconf 88' lang='lat' dir='ltr'><strong>municetur</strong></span> <span class='ocrx_word' id='word_1_229' title='bbox 338 2795 377 2840; x_wconf 89' lang='lat' dir='ltr'><strong>ac</strong></span> <span class='ocrx_word' id='word_1_230' title='bbox 398 2774 624 2840; x_wconf 82' lang='lat' dir='ltr'><strong>identificatur.</strong></span> 
     </span>
    </p>

    <p class='ocr_par' dir='ltr' id='par_1_5' title="bbox 136 2877 1339 4336">
     <span class='ocr_line' id='line_1_26' title="bbox 218 2877 1339 2969; baseline -0.004 -22"><span class='ocrx_word' id='word_1_231' title='bbox 218 2881 275 2947; x_wconf 82' lang='lat' dir='ltr'><strong>Ex</strong></span> <span class='ocrx_word' id='word_1_232' title='bbox 288 2883 454 2967; x_wconf 89' lang='lat' dir='ltr'><strong>bucusque</strong></span> <span class='ocrx_word' id='word_1_233' title='bbox 473 2879 644 2966; x_wconf 88' lang='lat' dir='ltr'><strong>disputatis</strong></span> <span class='ocrx_word' id='word_1_234' title='bbox 662 2904 761 2966; x_wconf 90' lang='lat' dir='ltr'><strong>porro</strong></span> <span class='ocrx_word' id='word_1_235' title='bbox 786 2881 897 2969; x_wconf 88' lang='lat' dir='ltr'><strong>liquet,</strong></span> <span class='ocrx_word' id='word_1_236' title='bbox 926 2880 1000 2968; x_wconf 91' lang='lat' dir='ltr'><strong>quid</strong></span> <span class='ocrx_word' id='word_1_237' title='bbox 1023 2882 1063 2946; x_wconf 89' lang='lat' dir='ltr'><strong>de</strong></span> <span class='ocrx_word' id='word_1_238' title='bbox 1089 2900 1130 2945; x_wconf 92' lang='lat' dir='ltr'><strong>eo</strong></span> <span class='ocrx_word' id='word_1_239' title='bbox 1144 2877 1339 2944; x_wconf 87' lang='lat' dir='ltr'><strong>sentiendum</strong></span> 
     </span>
     <span class='ocr_line' id='line_1_27' title="bbox 137 2983 1338 3074; baseline -0.007 -20"><span class='ocrx_word' id='word_1_240' title='bbox 137 2989 199 3063; x_wconf 90' lang='lat' dir='ltr'><strong>sit,</strong></span> <span class='ocrx_word' id='word_1_241' title='bbox 223 2988 306 3074; x_wconf 91' lang='lat' dir='ltr'><strong>quod</strong></span> <span class='ocrx_word' id='word_1_242' title='bbox 323 2985 416 3051; x_wconf 90' lang='lat' dir='ltr'><strong>nobis</strong></span> <span class='ocrx_word' id='word_1_243' title='bbox 433 2985 585 3052; x_wconf 89' lang='lat' dir='ltr'><strong>contiuuo</strong></span> <span class='ocrx_word' id='word_1_244' title='bbox 606 2987 727 3052; x_wconf 86' lang='lat' dir='ltr'><strong>Graeci</strong></span> <span class='ocrx_word' id='word_1_245' title='bbox 742 2986 914 3073; x_wconf 85' lang='lat' dir='ltr'><strong>objicirmt,</strong></span> <span class='ocrx_word' id='word_1_246' title='bbox 938 3006 977 3051; x_wconf 90' lang='lat' dir='ltr'><strong>ac</strong></span> <span class='ocrx_word' id='word_1_247' title='bbox 997 2986 1027 3051; x_wconf 92' lang='lat' dir='ltr'><strong>si</strong></span> <span class='ocrx_word' id='word_1_248' title='bbox 1049 2983 1205 3051; x_wconf 79' lang='lat' dir='ltr'><strong>Ecclesia</strong></span> <span class='ocrx_word' id='word_1_249' title='bbox 1232 2983 1338 3048; x_wconf 76' lang='lat' dir='ltr'><strong>catbo·</strong></span> 
     </span>
     <span class='ocr_line' id='line_1_28' title="bbox 136 3089 1339 3178; baseline -0.007 -18"><span class='ocrx_word' id='word_1_250' title='bbox 136 3095 199 3164; x_wconf 83' lang='lat' dir='ltr'><strong>lica</strong></span> <span class='ocrx_word' id='word_1_251' title='bbox 217 3092 400 3178; x_wconf 89' lang='lat' dir='ltr'><strong>corruperit</strong></span> <span class='ocrx_word' id='word_1_252' title='bbox 412 3092 604 3176; x_wconf 85' lang='lat' dir='ltr'><strong>Symbolum</strong></span> <span class='ocrx_word' id='word_1_253' title='bbox 618 3091 1179 3175; x_wconf 77' lang='lat' dir='ltr'><strong>Nicaenossonstantinopolitanum,</strong></span> <span class='ocrx_word' id='word_1_254' title='bbox 1202 3089 1339 3155; x_wconf 88' lang='lat' dir='ltr'><strong>addendo</strong></span> 
     </span>
     <span class='ocr_line' id='line_1_29' title="bbox 138 3196 1338 3286; baseline -0.006 -22"><span class='ocrx_word' id='word_1_255' title='bbox 138 3199 508 3286; x_wconf 76' lang='lat' dir='ltr'><strong>particulamzllils&#39;oqoe.</strong></span> <span class='ocrx_word' id='word_1_256' title='bbox 533 3235 570 3247; x_wconf 94' lang='lat'><em>-</em></span> <span class='ocrx_word' id='word_1_257' title='bbox 588 3197 764 3285; x_wconf 80' lang='lat' dir='ltr'><strong>Correptio</strong></span> <span class='ocrx_word' id='word_1_258' title='bbox 784 3212 861 3264; x_wconf 91' lang='lat' dir='ltr'><strong>tunc</strong></span> <span class='ocrx_word' id='word_1_259' title='bbox 877 3210 999 3263; x_wconf 90' lang='lat' dir='ltr'><strong>tantum</strong></span> <span class='ocrx_word' id='word_1_260' title='bbox 1019 3196 1201 3272; x_wconf 90' lang='lat' dir='ltr'><strong>obtineret,</strong></span> <span class='ocrx_word' id='word_1_261' title='bbox 1220 3196 1255 3260; x_wconf 86' lang='lat' dir='ltr'><strong>¹si</strong></span> <span class='ocrx_word' id='word_1_262' title='bbox 1276 3216 1338 3259; x_wconf 90' lang='lat' dir='ltr'><strong>seu·</strong></span> 
     </span>
     <span class='ocr_line' id='line_1_30' title="bbox 140 3298 1339 3389; baseline -0.006 -18"><span class='ocrx_word' id='word_1_263' title='bbox 140 3304 241 3371; x_wconf 88' lang='lat' dir='ltr'><strong>tentia</strong></span> <span class='ocrx_word' id='word_1_264' title='bbox 255 3306 323 3389; x_wconf 90' lang='lat' dir='ltr'><strong>jam</strong></span> <span class='ocrx_word' id='word_1_265' title='bbox 338 3301 468 3368; x_wconf 88' lang='lat' dir='ltr'><strong>definita</strong></span> <span class='ocrx_word' id='word_1_266' title='bbox 482 3298 537 3367; x_wconf 79' lang='lat' dir='ltr'><strong>illa</strong></span> <span class='ocrx_word' id='word_1_267' title='bbox 552 3299 710 3388; x_wconf 71' lang='lat' dir='ltr'><strong>particula</strong></span> <span class='ocrx_word' id='word_1_268' title='bbox 723 3298 830 3369; x_wconf 72' lang='lat' dir='ltr'><strong>alliu</strong></span> <span class='ocrx_word' id='word_1_269' title='bbox 852 3304 968 3368; x_wconf 85' lang='lat' dir='ltr'><strong>fuisset</strong></span> <span class='ocrx_word' id='word_1_270' title='bbox 997 3300 1176 3376; x_wconf 89' lang='lat' dir='ltr'><strong>eliminata,</strong></span> <span class='ocrx_word' id='word_1_271' title='bbox 1201 3313 1256 3366; x_wconf 88' lang='lat' dir='ltr'><strong>aut</strong></span> <span class='ocrx_word' id='word_1_272' title='bbox 1276 3320 1339 3365; x_wconf 86' lang='lat' dir='ltr'><strong>cou-</strong></span> 
     </span>
     <span class='ocr_line' id='line_1_31' title="bbox 140 3404 1338 3495; baseline -0.007 -19"><span class='ocrx_word' id='word_1_273' title='bbox 140 3411 242 3476; x_wconf 87' lang='lat' dir='ltr'><strong>traria</strong></span> <span class='ocrx_word' id='word_1_274' title='bbox 262 3411 302 3474; x_wconf 95' lang='lat' dir='ltr'><strong>ab</strong></span> <span class='ocrx_word' id='word_1_275' title='bbox 329 3408 383 3473; x_wconf 91' lang='lat' dir='ltr'><strong>illa</strong></span> <span class='ocrx_word' id='word_1_276' title='bbox 415 3418 535 3472; x_wconf 88' lang='lat' dir='ltr'><strong>statuta</strong></span> <span class='ocrx_word' id='word_1_277' title='bbox 542 3434 552 3483; x_wconf 87' lang='lat'>;</span> <span class='ocrx_word' id='word_1_278' title='bbox 573 3411 658 3494; x_wconf 93' lang='lat' dir='ltr'><strong>quod</strong></span> <span class='ocrx_word' id='word_1_279' title='bbox 684 3421 792 3475; x_wconf 89' lang='lat' dir='ltr'><strong>autem</strong></span> <span class='ocrx_word' id='word_1_280' title='bbox 816 3404 1015 3495; x_wconf 87' lang='lat' dir='ltr'><strong>nequaquam</strong></span> <span class='ocrx_word' id='word_1_281' title='bbox 1039 3407 1157 3473; x_wconf 84' lang='lat' dir='ltr'><strong>iactum</strong></span> <span class='ocrx_word' id='word_1_282' title='bbox 1196 3418 1255 3471; x_wconf 84' lang='lat' dir='ltr'><strong>est</strong></span> <span class='ocrx_word' id='word_1_283' title='bbox 1276 3406 1338 3471; x_wconf 90' lang='lat' dir='ltr'><strong>Non</strong></span> 
     </span>
     <span class='ocr_line' id='line_1_32' title="bbox 143 3512 1339 3600; baseline -0.008 -19"><span class='ocrx_word' id='word_1_284' title='bbox 143 3517 227 3582; x_wconf 91' lang='lat' dir='ltr'><strong>enim</strong></span> <span class='ocrx_word' id='word_1_285' title='bbox 248 3515 375 3580; x_wconf 88' lang='lat' dir='ltr'><strong>dixerat</strong></span> <span class='ocrx_word' id='word_1_286' title='bbox 394 3512 574 3579; x_wconf 82' lang='lat' dir='ltr'><strong>Concilium</strong></span> <span class='ocrx_word' id='word_1_287' title='bbox 593 3512 1000 3600; x_wconf 73' lang='lat' dir='ltr'><strong>constantinopolitanum:</strong></span> <span class='ocrx_word' id='word_1_288' title='bbox 1023 3519 1078 3597; x_wconf 79' lang='lat' dir='ltr'><strong>qui</strong></span> <span class='ocrx_word' id='word_1_289' title='bbox 1100 3536 1121 3576; x_wconf 89' lang='lat' dir='ltr'><strong>a</strong></span> <span class='ocrx_word' id='word_1_290' title='bbox 1142 3519 1232 3575; x_wconf 84' lang='lat' dir='ltr'><strong>solo</strong></span> <span class='ocrx_word' id='word_1_291' title='bbox 1253 3513 1339 3574; x_wconf 81' lang='lat' dir='ltr'><strong>Pone</strong></span> 
     </span>
     <span class='ocr_line' id='line_1_33' title="bbox 141 3617 1337 3704; baseline -0.004 -21"><span class='ocrx_word' id='word_1_292' title='bbox 141 3623 302 3701; x_wconf 81' lang='lat' dir='ltr'><strong>procedit,</strong></span> <span class='ocrx_word' id='word_1_293' title='bbox 326 3619 384 3682; x_wconf 90' lang='lat' dir='ltr'><strong>sed</strong></span> <span class='ocrx_word' id='word_1_294' title='bbox 401 3630 540 3684; x_wconf 85' lang='lat' dir='ltr'><strong>tantum:</strong></span> <span class='ocrx_word' id='word_1_295' title='bbox 564 3627 620 3703; x_wconf 82' lang='lat' dir='ltr'><strong>qut</strong></span> <span class='ocrx_word' id='word_1_296' title='bbox 641 3643 662 3682; x_wconf 86' lang='lat' dir='ltr'><strong>o</strong></span> <span class='ocrx_word' id='word_1_297' title='bbox 683 3627 952 3701; x_wconf 78' lang='lat' dir='ltr'><strong>Potreprooeutt,</strong></span> <span class='ocrx_word' id='word_1_298' title='bbox 975 3618 1059 3704; x_wconf 90' lang='lat' dir='ltr'><strong>quod</strong></span> <span class='ocrx_word' id='word_1_299' title='bbox 1077 3628 1170 3682; x_wconf 86' lang='lat' dir='ltr'><strong>recte</strong></span> <span class='ocrx_word' id='word_1_300' title='bbox 1199 3638 1219 3681; x_wconf 91' lang='lat' dir='ltr'><strong>a</strong></span> <span class='ocrx_word' id='word_1_301' title='bbox 1244 3617 1337 3681; x_wconf 86' lang='lat' dir='ltr'><strong>Mace·</strong></span> 
     </span>
     <span class='ocr_line' id='line_1_34' title="bbox 146 3723 1336 3811; baseline -0.008 -21"><span class='ocrx_word' id='word_1_302' title='bbox 146 3723 290 3790; x_wconf 89' lang='lat' dir='ltr'><strong>donianis</strong></span> <span class='ocrx_word' id='word_1_303' title='bbox 312 3725 510 3811; x_wconf 84' lang='lat' dir='ltr'><strong>negabatur,</strong></span> <span class='ocrx_word' id='word_1_304' title='bbox 533 3725 565 3787; x_wconf 89' lang='lat' dir='ltr'><strong>iu</strong></span> <span class='ocrx_word' id='word_1_305' title='bbox 582 3723 687 3788; x_wconf 91' lang='lat' dir='ltr'><strong>medio</strong></span> <span class='ocrx_word' id='word_1_306' title='bbox 701 3723 902 3809; x_wconf 89' lang='lat' dir='ltr'><strong>relinquens,</strong></span> <span class='ocrx_word' id='word_1_307' title='bbox 926 3731 1006 3810; x_wconf 90' lang='lat' dir='ltr'><strong>quae</strong></span> <span class='ocrx_word' id='word_1_308' title='bbox 1021 3743 1121 3808; x_wconf 91' lang='lat' dir='ltr'><strong>porro</strong></span> <span class='ocrx_word' id='word_1_309' title='bbox 1144 3742 1224 3786; x_wconf 84' lang='lat' dir='ltr'><strong>vera</strong></span> <span class='ocrx_word' id='word_1_310' title='bbox 1250 3729 1336 3791; x_wconf 90' lang='lat' dir='ltr'><strong>eraut,</strong></span> 
     </span>
     <span class='ocr_line' id='line_1_35' title="bbox 148 3826 1335 3915; baseline -0.008 -21"><span class='ocrx_word' id='word_1_311' title='bbox 148 3842 181 3894; x_wconf 93' lang='lat' dir='ltr'><strong>et</strong></span> <span class='ocrx_word' id='word_1_312' title='bbox 195 3830 300 3915; x_wconf 91' lang='lat' dir='ltr'><strong>ipsum</strong></span> <span class='ocrx_word' id='word_1_313' title='bbox 318 3828 415 3894; x_wconf 87' lang='lat' dir='ltr'><strong>scivit</strong></span> <span class='ocrx_word' id='word_1_314' title='bbox 431 3830 470 3893; x_wconf 91' lang='lat' dir='ltr'><strong>de</strong></span> <span class='ocrx_word' id='word_1_315' title='bbox 483 3827 697 3914; x_wconf 88' lang='lat' dir='ltr'><strong>processione</strong></span> <span class='ocrx_word' id='word_1_316' title='bbox 718 3830 862 3912; x_wconf 88' lang='lat' dir='ltr'><strong>ejusdem</strong></span> <span class='ocrx_word' id='word_1_317' title='bbox 884 3827 1025 3913; x_wconf 86' lang='lat' dir='ltr'><strong>Spiritus</strong></span> <span class='ocrx_word' id='word_1_318' title='bbox 1049 3828 1122 3891; x_wconf 81' lang='lat' dir='ltr'><strong>Sa</strong></span> <span class='ocrx_word' id='word_1_319' title='bbox 1152 3826 1243 3892; x_wconf 81' lang='lat' dir='ltr'><strong>Filio.</strong></span> <span class='ocrx_word' id='word_1_320' title='bbox 1264 3826 1335 3889; x_wconf 89' lang='lat' dir='ltr'><strong>lusu·</strong></span> 
     </span>
     <span class='ocr_line' id='line_1_36' title="bbox 147 3924 1334 4022; baseline -0.008 -21"><span class='ocrx_word' id='word_1_321' title='bbox 147 3956 206 4022; x_wconf 89' lang='lat' dir='ltr'><strong>per</strong></span> <span class='ocrx_word' id='word_1_322' title='bbox 222 3955 352 3999; x_wconf 91' lang='lat' dir='ltr'><strong>causam</strong></span> <span class='ocrx_word' id='word_1_323' title='bbox 369 3935 462 4019; x_wconf 89' lang='lat' dir='ltr'><strong>hujus</strong></span> <span class='ocrx_word' id='word_1_324' title='bbox 481 3933 669 4000; x_wconf 88' lang='lat' dir='ltr'><strong>reticentiae</strong></span> <span class='ocrx_word' id='word_1_325' title='bbox 684 3933 853 4021; x_wconf 90' lang='lat' dir='ltr'><strong>assignare</strong></span> <span class='ocrx_word' id='word_1_326' title='bbox 869 3934 1024 4010; x_wconf 88' lang='lat' dir='ltr'><strong>valemus.</strong></span> <span class='ocrx_word' id='word_1_327' title='bbox 1046 3930 1257 4022; x_wconf 86' lang='lat' dir='ltr'><strong>Macedonius</strong></span> <span class='ocrx_word' id='word_1_328' title='bbox 1269 3924 1334 3994; x_wconf 84' lang='lat' dir='ltr'><strong>scili·</strong></span> 
     </span>
     <span class='ocr_line' id='line_1_37' title="bbox 147 4035 1333 4127; baseline -0.012 -19"><span class='ocrx_word' id='word_1_329' title='bbox 147 4053 217 4115; x_wconf 90' lang='lat' dir='ltr'><strong>cet,</strong></span> <span class='ocrx_word' id='word_1_330' title='bbox 240 4051 350 4103; x_wconf 87' lang='lat' dir='ltr'><strong>contra</strong></span> <span class='ocrx_word' id='word_1_331' title='bbox 367 4060 461 4127; x_wconf 88' lang='lat' dir='ltr'><strong>quem</strong></span> <span class='ocrx_word' id='word_1_332' title='bbox 477 4039 655 4104; x_wconf 85' lang='lat' dir='ltr'><strong>Concilium</strong></span> <span class='ocrx_word' id='word_1_333' title='bbox 675 4035 1060 4122; x_wconf 73' lang='lat' dir='ltr'><strong>constantinopolitanum</strong></span> <span class='ocrx_word' id='word_1_334' title='bbox 1092 4036 1115 4099; x_wconf 91' lang='lat' dir='ltr'><strong>l.</strong></span> <span class='ocrx_word' id='word_1_335' title='bbox 1142 4044 1333 4100; x_wconf 85' lang='lat' dir='ltr'><strong>cotrvocatun</strong></span> 
     </span>
     <span class='ocr_line' id='line_1_38' title="bbox 149 4143 1332 4228; baseline -0.003 -16"><span class='ocrx_word' id='word_1_336' title='bbox 149 4158 230 4223; x_wconf 90' lang='lat' dir='ltr'><strong>erat,</strong></span> <span class='ocrx_word' id='word_1_337' title='bbox 253 4143 408 4228; x_wconf 91' lang='lat' dir='ltr'><strong>Spiritum</strong></span> <span class='ocrx_word' id='word_1_338' title='bbox 426 4146 461 4208; x_wconf 90' lang='lat' dir='ltr'><strong>S.</strong></span> <span class='ocrx_word' id='word_1_339' title='bbox 477 4156 660 4209; x_wconf 89' lang='lat' dir='ltr'><strong>creaturam</strong></span> <span class='ocrx_word' id='word_1_340' title='bbox 675 4143 747 4208; x_wconf 84' lang='lat' dir='ltr'><strong>Filii</strong></span> <span class='ocrx_word' id='word_1_341' title='bbox 763 4165 838 4207; x_wconf 89' lang='lat' dir='ltr'><strong>esse</strong></span> <span class='ocrx_word' id='word_1_342' title='bbox 857 4143 1038 4218; x_wconf 89' lang='lat' dir='ltr'><strong>asserebat,</strong></span> <span class='ocrx_word' id='word_1_343' title='bbox 1061 4143 1197 4227; x_wconf 88' lang='lat' dir='ltr'><strong>ejusque</strong></span> <span class='ocrx_word' id='word_1_344' title='bbox 1215 4157 1332 4208; x_wconf 81' lang='lat' dir='ltr'><strong>servum</strong></span> 
     </span>
     <span class='ocr_line' id='line_1_39' title="bbox 150 4244 1331 4336; baseline -0.004 -22"><span class='ocrx_word' id='word_1_345' title='bbox 150 4250 202 4336; x_wconf 94' lang='lat' dir='ltr'><strong>qui</strong></span> <span class='ocrx_word' id='word_1_346' title='bbox 222 4250 329 4335; x_wconf 89' lang='lat' dir='ltr'><strong>itaque</strong></span> <span class='ocrx_word' id='word_1_347' title='bbox 355 4269 398 4312; x_wconf 86' lang='lat' dir='ltr'><strong>ex</strong></span> <span class='ocrx_word' id='word_1_348' title='bbox 422 4248 520 4312; x_wconf 88' lang='lat' dir='ltr'><strong>Patre</strong></span> <span class='ocrx_word' id='word_1_349' title='bbox 548 4248 676 4313; x_wconf 88' lang='lat' dir='ltr'><strong>minime</strong></span> <span class='ocrx_word' id='word_1_350' title='bbox 703 4248 746 4312; x_wconf 89' lang='lat' dir='ltr'><strong>sit</strong></span> <span class='ocrx_word' id='word_1_351' title='bbox 766 4259 822 4312; x_wconf 87' lang='lat' dir='ltr'><strong>aut</strong></span> <span class='ocrx_word' id='word_1_352' title='bbox 851 4248 1007 4332; x_wconf 90' lang='lat' dir='ltr'><strong>procedat</strong></span> <span class='ocrx_word' id='word_1_353' title='bbox 1029 4253 1067 4324; x_wconf 82' lang='lat'><strong>³).</strong></span> <span class='ocrx_word' id='word_1_354' title='bbox 1090 4244 1215 4311; x_wconf 74' lang='lat' dir='ltr'><strong>aritio</strong></span> <span class='ocrx_word' id='word_1_355' title='bbox 1234 4257 1331 4332; x_wconf 74' lang='lat' dir='ltr'><strong>quoque</strong></span> 
     </span>
    </p>
   </div>
   <div class='ocr_carea' id='block_1_3' title="bbox 185 4401 1135 4696">
    <p class='ocr_par' dir='ltr' id='par_1_6' title="bbox 185 4401 1135 4696">
     <span class='ocr_line' id='line_1_40' title="bbox 186 4401 1048 4507; baseline -0.007 -14"><span class='ocrx_word' id='word_1_356' title='bbox 186 4441 209 4506; x_wconf 79' lang='lat'><strong>¹)</strong></span> <span class='ocrx_word' id='word_1_357' title='bbox 228 4440 271 4493; x_wconf 82' lang='lat' dir='ltr'><strong>ct.</strong></span> <span class='ocrx_word' id='word_1_358' title='bbox 291 4401 562 4507; x_wconf 14' lang='lat' dir='ltr'><strong>(irreges—Nysa.</strong></span> <span class='ocrx_word' id='word_1_359' title='bbox 582 4443 738 4492; x_wconf 71' lang='lat' dir='ltr'><strong>Atlanteo.</strong></span> <span class='ocrx_word' id='word_1_360' title='bbox 757 4439 828 4504; x_wconf 83' lang='lat' dir='ltr'><strong>opp.</strong></span> <span class='ocrx_word' id='word_1_361' title='bbox 847 4439 879 4488; x_wconf 80' lang='grc' dir='ltr'><strong>Τ.</strong></span> <span class='ocrx_word' id='word_1_362' title='bbox 897 4441 923 4489; x_wconf 82' lang='grc'><strong>2.</strong></span> <span class='ocrx_word' id='word_1_363' title='bbox 944 4451 970 4502; x_wconf 91' lang='lat' dir='ltr'><strong>p.</strong></span> <span class='ocrx_word' id='word_1_364' title='bbox 989 4437 1048 4488; x_wconf 61' lang='lat'><strong>459.</strong></span> 
     </span>
     <span class='ocr_line' id='line_1_41' title="bbox 185 4525 1098 4593; baseline -0.007 -11"><span class='ocrx_word' id='word_1_365' title='bbox 185 4525 210 4592; x_wconf 79' lang='lat'><strong>²)</strong></span> <span class='ocrx_word' id='word_1_366' title='bbox 230 4529 273 4584; x_wconf 78' lang='lat' dir='ltr'><strong>Ol,</strong></span> <span class='ocrx_word' id='word_1_367' title='bbox 291 4529 453 4582; x_wconf 77' lang='lat' dir='ltr'><strong>Ausclm.</strong></span> <span class='ocrx_word' id='word_1_368' title='bbox 473 4535 514 4584; x_wconf 81' lang='lat' dir='ltr'><strong>De</strong></span> <span class='ocrx_word' id='word_1_369' title='bbox 529 4546 646 4591; x_wconf 73' lang='lat' dir='ltr'><strong>process.</strong></span> <span class='ocrx_word' id='word_1_370' title='bbox 666 4532 736 4589; x_wconf 75' lang='lat' dir='ltr'><strong>sair.</strong></span> <span class='ocrx_word' id='word_1_371' title='bbox 757 4533 787 4580; x_wconf 81' lang='lat' dir='ltr'><strong>s.</strong></span> <span class='ocrx_word' id='word_1_372' title='bbox 807 4545 832 4580; x_wconf 82' lang='lat' dir='ltr'><strong>c.</strong></span> <span class='ocrx_word' id='word_1_373' title='bbox 855 4533 902 4580; x_wconf 82' lang='lat'><strong>18.</strong></span> <span class='ocrx_word' id='word_1_374' title='bbox 921 4526 993 4593; x_wconf 83' lang='lat' dir='ltr'><strong>0pp.</strong></span> <span class='ocrx_word' id='word_1_375' title='bbox 1007 4541 1038 4591; x_wconf 86' lang='lat' dir='ltr'><strong>p.</strong></span> <span class='ocrx_word' id='word_1_376' title='bbox 1055 4529 1098 4577; x_wconf 77' lang='lat'><strong>57.</strong></span> 
     </span>
     <span class='ocr_line' id='line_1_42' title="bbox 186 4610 1135 4696; baseline -0.005 -23"><span class='ocrx_word' id='word_1_377' title='bbox 186 4610 211 4696; x_wconf 74' lang='lat'><strong>³)</strong></span> <span class='ocrx_word' id='word_1_378' title='bbox 230 4617 274 4673; x_wconf 81' lang='lat' dir='ltr'><strong>Cf.</strong></span> <span class='ocrx_word' id='word_1_379' title='bbox 291 4618 413 4674; x_wconf 85' lang='lat' dir='ltr'><strong>Basil.</strong></span> <span class='ocrx_word' id='word_1_380' title='bbox 431 4624 497 4681; x_wconf 72' lang='lat' dir='ltr'><strong>Ado.</strong></span> <span class='ocrx_word' id='word_1_381' title='bbox 517 4622 633 4678; x_wconf 70' lang='lat' dir='ltr'><strong>annom.</strong></span> <span class='ocrx_word' id='word_1_382' title='bbox 652 4623 669 4670; x_wconf 85' lang='lat' dir='ltr'><strong>t.</strong></span> <span class='ocrx_word' id='word_1_383' title='bbox 688 4622 717 4673; x_wconf 79' lang='lat'><strong>2.</strong></span> <span class='ocrx_word' id='word_1_384' title='bbox 736 4634 763 4672; x_wconf 85' lang='lat' dir='ltr'><strong>u.</strong></span> <span class='ocrx_word' id='word_1_385' title='bbox 782 4621 831 4672; x_wconf 78' lang='lat'><strong>³4.</strong></span> <span class='ocrx_word' id='word_1_386' title='bbox 850 4616 919 4685; x_wconf 82' lang='lat' dir='ltr'><strong>Opp.</strong></span> <span class='ocrx_word' id='word_1_387' title='bbox 938 4617 970 4671; x_wconf 81' lang='grc' dir='ltr'><strong>Τ.</strong></span> <span class='ocrx_word' id='word_1_388' title='bbox 990 4617 1013 4669; x_wconf 90' lang='lat' dir='ltr'><strong>l.</strong></span> <span class='ocrx_word' id='word_1_389' title='bbox 1030 4629 1057 4682; x_wconf 82' lang='lat' dir='ltr'><strong>p.</strong></span> <span class='ocrx_word' id='word_1_390' title='bbox 1074 4617 1135 4668; x_wconf 79' lang='lat'><strong>271.</strong></span> 
     </span>
    </p>
   </div>
   <div class='ocr_carea' id='block_1_4' title="bbox 0 0 1488 5168">
    <p class='ocr_par' dir='ltr' id='par_1_7' title="bbox 0 0 1488 5168">
     <span class='ocr_line' id='line_1_43' title="bbox 0 0 1488 5168; baseline 0 0"><span class='ocrx_word' id='word_1_391' title='bbox 0 0 1488 5168; x_wconf 95' lang='lat' dir='ltr'><strong> </strong></span> 
     </span>
    </p>
   </div>
  </div>
 </body>
</html>
