2926 5168
1281 213 1344 277 ilb

127 357 268 421 Graecis
292 358 454 422 Cirietum
474 360 538 422 Dci
557 366 704 424 virtutem
725 368 758 422 et
776 361 853 427 Dei
869 366 1137 440 sapientiam:
1158 367 1236 444 onia
1256 370 1343 444 quod

124 463 258 526 stubam
280 475 329 527 est
349 465 422 537 Dei,
444 469 620 545 sapientiore
642 473 690 527 eet
709 467 911 527 bominibus:
944 474 976 528 el
1002 469 1090 549 ouol
1112 469 1272 547 infirmum
1294 475 1344 529 est

124 570 201 643 Dei,
216 573 341 648 fortias
362 576 413 633 est
431 572 622 636 bominibus.
645 604 687 617 —
714 570 771 632 Do
791 574 861 650 ipso
882 580 987 635 autem
1007 591 1064 635 eos
1086 576 1164 634 eetis
1184 577 1219 634 in
1243 573 1342 634 Obri-

124 680 176 737 sto
198 680 301 753 Jesu,
325 677 510 756 purifactus
531 682 582 738 eet
599 677 690 738 nobis
710 696 758 736 so
766 681 926 753 pientio
947 697 968 736 a
988 677 1074 739 Deo
1094 683 1127 738 et
1136 678 1267 752 jnotitia
1277 722 1290 756 ,
1312 685 1343 740 et

124 781 341 858 sorcetiflcatio
361 784 395 840 et
412 782 578 845 redemtio.
603 813 642 826 —
665 782 928 856 Sapientiam
950 792 1057 843 autern
1078 781 1237 861 munimur
1258 786 1342 844 inter

120 867 309 963 perfectos:
329 903 406 959 sap
418 886 529 945 ienti
540 903 601 947 am
630 905 706 947 vero
727 904 793 947 non
813 886 914 962 liujus
933 887 1072 958 corcoli,
1094 904 1198 967 neone
1214 890 1341 966 princi·

119 1005 202 1063 pum
218 991 314 1065 bujue
330 992 475 1061 saecuti,
499 991 554 1069 oui
571 989 802 1051 destruuntur:
824 991 883 1050 secl
900 990 1060 1071 loquimur
1082 990 1159 1052 Dei
1179 995 1340 1071 sapien·

123 1094 229 1152 biom
254 1097 291 1152 in
321 1098 495 1172 mysterio,
532 1113 614 1174 quoe
647 1097 835 1156 abscondita
871 1099 931 1162 eet.
966 1115 1062 1176 poam
1090 1097 1343 1174 praedestinavit

123 1195 219 1257 Deus
240 1203 315 1259 ante
344 1199 478 1261 saecula
504 1201 538 1257 in
565 1199 704 1276 plotium
734 1204 891 1267 nostram.
926 1219 1022 1280 quam
1051 1219 1142 1261 neno
1161 1204 1342 1280 principum

122 1301 226 1379 lsujue
247 1303 372 1364 saeculi
393 1305 554 1380 cognorit:
574 1306 605 1364 si
626 1306 710 1363 esaim
726 1306 965 1383 eopnooiseent,
985 1323 1153 1385 nunquam
1171 1305 1341 1367 Dominum

121 1407 252 1485 planiae
265 1411 514 1487 interlecioeent.
535 1408 602 1467 Sed
613 1411 698 1469 eicttt
709 1411 862 1487 scriptum
879 1415 947 1471 eote
971 1407 1083 1483 oaot
1095 1409 1241 1470 cculue
1261 1428 1342 1471 non

123 1512 250 1584 cidit,
281 1532 351 1574 nec
373 1517 496 1574 curie
517 1515 698 1592 audivit,
725 1533 798 1574 nec
826 1516 867 1574 in
899 1532 971 1575 cor
991 1515 1171 1575 bertinis
1191 1535 1339 1576 aecen-

125 1622 198 1689 dit,
228 1637 333 1698 quoe
362 1624 629 1696 praeparauit
653 1619 769 1680 Deus
796 1621 875 1692 iis,
897 1622 969 1699 qui
998 1618 1339 1697 lilipuntillum:

123 1724 250 1783 nobie
271 1728 407 1783 autem
428 1723 641 1784 rebelavit
663 1722 773 1784 Deus
792 1742 866 1799 per
887 1725 1082 1803 spiritum
1104 1742 1234 1785 suurn:
1253 1723 1339 1802 Spi-

124 1829 246 1888 ritus
267 1828 372 1887 enim
394 1832 529 1888 omnia
548 1832 789 1897 occulatur,
820 1829 1177 1907 etiam'prcfunda
1198 1827 1278 1890 Dei
1299 1826 1339 1912 ¹).

125 1965 167 1980 -
188 1929 265 1994 Aiio
287 1930 376 1999 loeo:
398 1931 483 1992 Mitti
509 1933 648 1995 omnium
667 1937 851 1993 sanctorum
883 1939 962 1995 data
982 1939 1032 1995 eet
1047 1936 1155 2010 pratia
1176 1938 1273 2007 baec,
1304 1937 1340 1996 in

128 2033 286 2099 Gentilem
323 2037 544 2115 competitore
582 2036 920 2113 inoestipabiles
957 2040 1136 2099 divitias
1168 2038 1338 2117 chricti,

126 2147 162 2202 et
178 2142 366 2202 illuminare
394 2159 519 2218 omnes,
540 2159 625 2218 puae
654 2144 697 2201 eit
717 2141 921 2218 ‹lispensatio
944 2147 1136 2206 sacramenti
1162 2144 1341 2206 absconditi

126 2268 147 2308 a
166 2247 311 2309 eaecslis
329 2251 365 2307 in
383 2246 463 2318 Deo,
485 2248 540 2326 otei
559 2251 667 2307 omnia
687 2248 827 2313 creavit:
844 2252 881 2306 nt
898 2252 1079 2309 innotescat
1094 2251 1338 2327 principatibus,

126 2358 159 2414 et
175 2355 387 2431 potestatibus
414 2356 449 2411 in
470 2351 657 2413 coelcelibns
675 2371 736 2427 per
764 2349 955 2422 Ecclesium,
976 2353 1252 2431 multiformia
1271 2373 1337 2414 so·

123 2459 295 2536 pientia
317 2456 398 2517 Dei
417 2457 459 2534 ²).
480 2451 525 2516 lit
544 2451 576 2516 in
594 2451 699 2537 Epist.
723 2453 764 2517 od
782 2452 1007 2520 Romanos:
1033 2460 1058 2519 0
1079 2457 1259 2519 altitudo
1279 2458 1338 2518 clt-

126 2564 329 2624 oitiarum
350 2564 600 2640 sapientiae,
622 2566 659 2620 et
683 2562 902 2621 scientiae
926 2560 1015 2623 Deir
1044 2560 1337 2640 ouom‘incom·

124 2647 455 2744 prehensibilis
475 2665 762 2739 suntjudicia
793 2667 915 2744 ejuo,
944 2675 984 2727 et
1009 2668 1337 2746 inoestiopabilen

126 2777 226 2834 aiae
246 2775 348 2849 ejus.
372 2767 475 2843 Ouio
495 2772 606 2830 enim
635 2771 832 2847 coprsorit
851 2789 1018 2831 sancum
1037 2771 1229 2832 Domini?
1258 2769 1340 2835 Aul

127 2883 244 2959 quis
267 2876 561 2938 conciliarius
589 2875 700 2950 ejue
726 2875 805 2947 fui
824 2874 861 2935 t?
880 2872 914 2956 ⁸).
938 2872 1059 2936 Verum
1075 2894 1138 2938 non
1161 2885 1284 2939 tentum
1304 2874 1336 2939 in

126 2979 168 3044 N.
178 2978 238 3051 Τ..
261 2977 433 3043 sedetiam
450 2976 483 3041 in
501 2976 592 3042 libris
609 2978 649 3040 Α.
670 2977 705 3039 F.
724 2975 842 3041 similia
859 2977 1018 3063 leguntur.
1046 2980 1138 3045 Leo
1158 2982 1336 3055 Domini,

126 3083 175 3148 eit
200 3083 445 3158 Psalmisto,
476 3085 758 3155 immaculata,
795 3091 1038 3146 convertent
1066 3088 1250 3148 animas:
1279 3093 1337 3148 le·

127 3194 371 3254 stimonium
391 3191 551 3251 Domini
566 3189 721 3269 fidele,
740 3190 1224 3268 sapienetampraectans
1242 3212 1336 3272 par·

127 3297 255 3359 ralis.
276 3299 487 3358 iustitiae
506 3295 674 3357 Domini
694 3298 848 3364 rectae,
872 3294 1174 3372 laetificantes
1194 3296 1337 3358 corda:

127 3408 404 3483 praeceptum
423 3399 596 3461 Domini
616 3399 822 3470 tucidum,
849 3398 1106 3462 illuminans
1127 3400 1281 3461 oculos
1302 3401 1341 3483 ⁴).

130 3506 261 3570 Sensus
281 3515 350 3568 eet:
372 3503 444 3567 Lex
466 3501 583 3577 divina,
605 3493 717 3585 utpote
733 3500 880 3567 obsolute
901 3518 986 3566 vero·
1003 3511 1036 3565 et
1056 3513 1170 3568 sancte
1187 3502 1342 3590 cognitio·

133 3629 203 3676 nem
220 3608 303 3684 veri,
321 3606 553 3694 perfectionem
567 3626 607 3672 oo
622 3604 884 3691 tranquillitatem
898 3605 930 3669 in
945 3605 1039 3670 nobis
1057 3618 1239 3691 promovet,
1257 3609 1340 3674 unde

135 3724 166 3779 et
188 3714 285 3780 nobie
314 3712 447 3780 mximi
474 3710 627 3777 momenti
658 3723 692 3776 et
722 3710 917 3777 tenerrimae
945 3731 1044 3777 curae
1075 3710 1119 3776 sit
1139 3723 1278 3797 oportet
1299 3751 1341 3764 -

138 3817 238 3909 itque
1043 3823 1047 3829 '

214 3946 251 3992 c.·
266 3925 360 3990 Deue
381 3924 453 3990 ione
471 3935 504 3990 et
521 3935 634 3989 auctor
653 3921 760 3990 omnis
774 3919 953 4008 sapientiae
967 3922 998 3988 in
1018 3921 1142 3987 notorie
1163 3920 1262 3989 finitio
1286 3923 1339 3991 de

124 4024 284 4100 claretur.
314 4031 487 4094 Omnis
527 4033 765 4110 sapientia,
795 4027 896 4114 inquit
924 4026 1174 4109 Siracidee,
1207 4051 1227 4092 o
1258 4038 1340 4121 Do·

100 4237 384 4263 ω

160 4331 196 4398 ·)
215 4339 234 4389 ι.
253 4335 321 4389 cur·
341 4337 367 4396 ι,
382 4335 494 4388 se-eo.
512 4335 556 4388 eo.
575 4357 607 4398 -‚·
627 4331 658 4396 2,
677 4331 769 4386 o-to.
913 4368 927 4394 .,

145 4422 196 4485 ²)
211 4426 317 4492 ephes.
334 4427 360 4485 e,
378 4425 472 4476 s-1o.
488 4424 530 4478 cf.
552 4428 575 4490 ι,
594 4428 619 4476 e.
639 4427 680 4476 ιν.
701 4420 761 4477 coi.
782 4425 806 4486 ι,
824 4425 850 4475 o.
867 4422 910 4477 oo.
929 4420 955 4486 n,
973 4424 999 4476 e.
1017 4425 1043 4484 e,
1064 4423 1104 4476 m.

140 4505 197 4574 ³)
211 4516 291 4568 nom.
312 4514 354 4575 ιι,
370 4515 480 4566 oo-ee.
988 4567 999 4577 „

136 4598 259 4666 ⁴)1u.
282 4606 325 4670 n,
342 4605 421 4659 o-o.
438 4602 481 4667 of,
498 4604 547 4660 ra.
564 4604 606 4666 n,
624 4605 649 4660 o.
667 4598 757 4658 oceo
776 4601 819 4666 oc,
836 4601 864 4659 o.
953 4658 957 4668 ,
1038 4668 1045 4680 ,
