2926 5168
136 207 198 276 tat

137 358 263 423 nonnisi
289 358 401 434 eflicit,
424 369 460 422 nt
474 357 662 423 consecutio
686 357 759 423 finis
786 357 890 422 nostri
913 356 1014 422 ultimi
1030 357 1163 422 cuilibet
1186 359 1339 423 reddatur

134 464 319 549 possibilis,
342 475 376 527 et
395 464 596 527 solummodo
624 484 699 538 eos,
722 462 775 550 qui
793 463 969 538 voluerint,
993 464 1033 527 ad
1048 465 1172 529 huncce
1190 465 1337 530 adducat.

129 569 212 635 Hinc
227 590 321 634 nemo
352 569 491 633 salutem
512 589 620 642 suam,
648 568 711 632 nisi
731 568 888 644 voluerit,
921 569 1139 656 consequitur.
1174 569 1232 635 Ex
1257 570 1335 634 alte·

129 690 168 739 ra
187 687 278 762 parte
299 686 426 756 autem,
449 672 526 739 licet
540 675 636 738 homo
668 674 815 738 libertate
827 694 885 738 sna
910 675 1070 740 abutendo
1085 675 1167 740 lines
1195 675 1333 761 quidem,

131 780 228 845 etiam
243 800 324 866 qnos
342 780 434 843 Deus
451 780 597 844 absolute
616 781 814 853 vnlt,irritos
832 779 970 844 reddere
987 792 1116 864 posset3
1139 802 1237 867 quum
1254 797 1336 846 usus

128 885 288 951 libertatis
309 906 372 949 non
394 886 435 949 ad
448 884 592 961 interna,
615 905 695 970 quae
714 887 754 949 ad
769 906 829 950 nos
846 890 997 960 attinent,
1019 885 1247 974 restringatur,
1280 889 1337 951 sed

128 1001 163 1054 et
174 990 207 1053 in
229 988 398 1054 ellectibns
425 988 569 1052 externis
592 989 697 1054 locum
722 990 882 1053 obtineat:
905 990 937 1054 id
959 1000 1245 1078 tamennunqnam
1267 1012 1337 1057 eve·

130 1095 214 1170 niet,
236 1093 384 1179 quoniam
402 1092 537 1159 effectus
564 1095 710 1168 externi,
734 1095 881 1159 consiliis
897 1095 1013 1160 divinis
1029 1097 1203 1180 contrarii,
1225 1097 1335 1164 illaesa

129 1199 299 1267 voluntatis
313 1210 446 1264 nostrae
467 1199 618 1263 libertate
651 1199 833 1284 praepediri
861 1221 898 1265 ac
916 1199 986 1265 tolli
999 1212 1151 1285 possunt,
1183 1214 1215 1267 et
1241 1203 1336 1268 etiam

127 1327 146 1370 a
168 1306 240 1371 Deo
258 1305 508 1397 praepediuqtnr
524 1325 562 1368 ac
581 1305 743 1370 tolluntur.
764 1307 878 1391 Neque
896 1306 1001 1371 asseri
1017 1317 1143 1390 potest,
1168 1313 1288 1373 saltem
1302 1308 1333 1373 in

126 1411 177 1488 iis,
199 1409 253 1497 qni
270 1408 364 1473 saluti
380 1428 458 1473 suae
474 1428 606 1494 operam
624 1430 688 1474 non
703 1422 831 1486 navant,
847 1411 954 1474 Deum
970 1410 1104 1476 consilio
1121 1431 1182 1475 suo
1199 1412 1333 1478 frustra·

124 1516 173 1603 ri3
194 1534 268 1579 nam
283 1514 381 1578 linem
394 1513 483 1580 illum
494 1513 658 1591 ultimum,
682 1536 776 1601 quem
793 1516 886 1579 Dens
906 1515 1053 1580 absolute
1069 1515 1217 1591 intendit,
1239 1531 1275 1583 ut
1299 1541 1333 1585 se

125 1620 250 1688 seilicet
264 1624 464 1705 perlectum,
487 1631 635 1683 sanctum
652 1640 691 1684 ac
703 1621 827 1703 justum
843 1620 876 1684 in
894 1621 987 1685 nohis
1012 1620 1178 1698 exhibeat,
1201 1622 1234 1687 in
1262 1646 1333 1710 quo·

124 1727 176 1791 vis
192 1725 395 1811 asseqnitnr3
418 1722 513 1787 linem
528 1735 635 1788 antem
653 1724 851 1808 proximum,
873 1726 1027 1790 moralem
1054 1737 1202 1792 nostram
1232 1730 1331 1813 perf·

122 1831 271 1906 ctionem,
294 1828 346 1895 cui
364 1830 529 1902 desumus,
551 1838 631 1893 anta
647 1850 709 1914 qua
724 1829 903 1910 delinimus,
926 1852 988 1894 non
1006 1831 1074 1894 vult
1088 1832 1246 1909 absolute,
1274 1837 1326 1900 sed

131 1945 253 1999 tantum
268 1931 486 2016 hypothetice,
505 1942 639 1997 eatenus
653 1933 778 1998 seilicet
796 1945 929 2010 tantum,
953 1946 1110 2021 quatenus
1140 1958 1202 2001 nos
1226 1941 1329 2006 volun·

124 2038 182 2102 tati
196 2037 297 2122 ipsius
313 2037 529 2102 obsecuturos
547 2057 623 2101 esse
638 2039 818 2122 praevidet.

207 2142 382 2207 Caeterum
399 2141 524 2206 etiamsi
543 2162 621 2207 vera
637 2142 763 2207 indoles
782 2143 1036 2210 necessitudinis
1069 2148 1158 2230 ejus,
1184 2168 1265 2234 quae
1282 2149 1329 2214 oh·

122 2249 203 2314 tinet
216 2248 302 2312 inter
322 2247 505 2312 libertatem
519 2247 657 2312 hominis
685 2260 717 2313 et
740 2248 962 2334 providentiae
989 2271 1049 2314 sen
1083 2253 1326 2339 gubernationis

123 2353 250 2419 divinae
266 2351 490 2418 efficacitatem
506 2352 681 2418 intellectui
697 2346 982 2428 demonstrari,ab
1007 2376 1110 2442 eoque
1133 2358 1230 2442 plane
1249 2379 1328 2426 com·

124 2458 279 2544 prehendi
292 2478 356 2522 non
373 2468 503 2543 posset:
526 2469 672 2521 neutram
695 2469 802 2523 tamen
830 2458 904 2523 ideo
922 2459 955 2523 in
977 2461 1106 2526 dubium
1122 2483 1245 2528 vocare
1264 2487 1330 2550 pos·

124 2584 250 2646 semns3
273 2583 346 2628 cnm
366 2573 499 2646 utraque
515 2561 685 2628 manifeste
702 2583 761 2646 per
771 2563 1003 2628 revelationem
1018 2565 1159 2632 divimm
1173 2572 1326 2645 tradatur,

122 2670 188 2734 imo
207 2668 386 2753 peripsum
404 2688 522 2731 sensns
538 2668 642 2732 nostri
656 2667 758 2732 intimi
776 2681 870 2754 atque
884 2669 1019 2733 rationis
1040 2672 1264 2740 testimoninm
1291 2675 1328 2740 sit

128 2770 249 2845 evicta,
272 2781 308 2833 ut
324 2790 419 2834 nemo
430 2790 530 2834 sanus
550 2769 662 2856 suique
679 2770 831 2838 conscius
847 2774 1091 2856 persuasionem
1106 2780 1146 2842 de
1165 2800 1225 2844 sua
1242 2779 1328 2845 liber·

128 2887 195 2939 tate
214 2876 395 2960 deponere,
424 2885 479 2939 ant
501 2896 581 2939 vero
615 2876 845 2943 necessitatem
882 2881 1125 2967 gubernationis
1153 2885 1280 2951 divinae
1301 2889 1328 2952 in

132 2981 247 3044 mundo
273 2979 472 3069 contingenti
494 2999 616 3064 negare
639 2993 734 3066 queat
741 3006 750 3055 ;
773 3002 895 3068 nosque
921 2984 1053 3070 insuper
1078 2989 1209 3055 minime
1232 2992 1328 3056 latere

128 3085 244 3170 pessit,
256 3106 350 3172 quam
370 3086 503 3167 plurima
521 3086 591 3151 dari
604 3087 636 3150 in
650 3088 797 3151 humanis
811 3088 944 3174 aliisque
962 3092 1077 3169 rebus,
1101 3115 1237 3180 quornm
1247 3095 1328 3160 modi

133 3190 375 3280 intelligentiam
392 3203 537 3256 nostram
554 3191 695 3279 fugiant,
718 3212 906 3279 quamquam
922 3194 1000 3280 ipsa
1022 3196 1086 3263 sint
1107 3200 1302 3265 certissima.

514 3402 539 3484 ξ.
561 3399 624 3470 15.
648 3399 949 3472 Theodicaea.

207 3610 300 3690 Quod
319 3609 439 3674 sivero
456 3611 549 3674 Dens
570 3610 815 3688 sanctissimus,
847 3613 1101 3702 benignissimus
1124 3637 1163 3683 ac
1183 3620 1327 3706 justissi-

122 3734 192 3779 mus
204 3717 364 3803 gubernat
377 3717 544 3780 mnndum:
567 3719 726 3802 quomodo
741 3719 825 3782 mala
840 3719 872 3782 in
890 3722 1006 3784 mundo
1019 3721 1087 3785 dari
1103 3736 1254 3809 possunt,
1265 3738 1327 3790 tam

119 3820 268 3900 moralia,
293 3842 386 3907 quam
403 3821 559 3907 physica,
582 3842 717 3907 quorum
731 3823 787 3887 illa
807 3823 997 3908 perlectioni
1015 3827 1146 3903 morali,
1172 3829 1213 3892 ad
1238 3850 1329 3916 quam

120 3934 254 3990 naturae
269 3925 406 3991 rationis
416 3926 591 4013 participes
614 3927 722 3993 alteo
747 3940 878 3994 creatae
899 3941 993 4011 sunt,
1016 3946 1219 4020 repugnant,
1247 3937 1326 4002 haec

121 4040 227 4095 antem
250 4032 424 4096 earundem
447 4042 480 4095 et
501 4030 695 4117 reliquarum
726 4032 913 4099 felicitatem
936 4035 1112 4122 impediunt
1128 4049 1186 4102 aut
1201 4040 1329 4122 tollunt,

120 4146 153 4198 et
168 4134 242 4198 ideo
259 4155 331 4200 cum
350 4135 523 4200 sanctitate
538 4157 577 4202 ae
586 4136 785 4226 benignitate
804 4138 911 4203 divina
924 4141 1128 4225 reconciliari
1136 4144 1224 4209 hand
1230 4167 1329 4230 posse

119 4239 292 4304 videntur?
316 4252 349 4304 et
371 4241 530 4326 quomodo
560 4253 650 4307 tanta
671 4243 829 4309 anomalia
850 4264 887 4310 ac
910 4244 1119 4333 inaequalitas
1151 4256 1254 4315 sortis
1277 4272 1328 4317 ex·

122 4356 233 4429 ternae
249 4344 280 4409 in
304 4345 441 4433 singulis
457 4346 636 4411 hominibus
660 4368 733 4414 cum
755 4370 867 4414 eorum
880 4350 1035 4438 dignitate
1058 4354 1175 4419 morali
1200 4356 1328 4443 saepius

121 4450 381 4536 deprehenditur,
399 4451 443 4515 ita
459 4463 494 4514 ut
509 4453 584 4516 dnm
596 4452 676 4537 justi
694 4454 826 4520 summis
841 4467 1029 4541 premantur
1049 4458 1155 4536 melis,
1194 4461 1329 4548 improbi

119 4553 252 4621 aliluant
272 4555 378 4622 omnis
407 4556 540 4646 generis
572 4559 691 4623 bonis?
