2926 5168
1287 216 1331 299 pv,
1435 264 1438 268 .

122 375 169 450 tia
186 406 264 449 esse
279 374 404 470 Doum;
427 395 500 448 nam
520 381 553 445 ut
570 392 661 446 route
692 366 997 450 Tertullianus
1025 371 1155 455 scribit,
1183 383 1274 445 Deua
1300 389 1329 446 at
1426 422 1430 429 -

120 513 189 554 non
205 512 291 554 ussa
310 499 377 563 eat,
397 511 465 553 non
480 496 544 562 eat,
566 492 642 571 puio
656 489 784 565 dissum
799 489 960 550 erectim
975 507 1041 550 aon
1055 508 1138 563 ease,
1161 491 1327 570 quodeun-

122 618 187 676 que
202 617 268 659 nova
284 603 330 658 ita
341 598 464 671 suerit,
486 603 523 656 ut
534 614 606 656 ease
617 593 740 654 debebit
761 590 798 675 ¹).
817 590 963 655 Dicimus
981 599 1088 656 dotem
1106 613 1202 657 unum
1220 592 1327 656 Deum

122 702 209 764 inea
228 698 435 764 strictissima
456 696 709 783 significatione,
733 714 815 780 quae
832 695 1002 778 cujuslibet
1026 695 1169 781 aequalis
1193 715 1326 760 corrsor·

121 806 201 870 tium
218 805 377 879 excludit,
399 805 444 869 ita
476 815 511 866 ut
538 803 649 866 Deus
677 821 756 863 non
786 810 948 864 tantum
980 799 1126 883 speeie
1148 811 1328 864 naturae

122 911 334 994 ejusdem,
357 909 425 972 sod
448 919 489 972 et
511 927 677 972 numero
699 925 805 968 uirus
827 924 873 967 ac
895 904 1132 991 singularis
1154 905 1220 974 sit.

208 1019 341 1077 Unitatis
357 1020 417 1077 Dei
431 1017 543 1076 inlenai
563 1014 668 1075 hostes
688 1015 836 1072 exstitere
859 1014 1000 1072 Gentiles
1023 1022 1052 1072 et
1076 1015 1156 1072 inter
1180 1014 1328 1075 Christia-

124 1142 183 1183 nos
201 1123 349 1183 haeretiei
366 1119 509 1182 nonnulli.
533 1115 753 1196 Gentiles,
776 1118 924 1177 idolorum
941 1119 1033 1177 oultui
1049 1117 1178 1188 addioti,
1195 1121 1328 1178 innume·

120 1246 179 1288 ros
196 1230 262 1293 iere
279 1228 501 1287 venerabantur
515 1226 597 1286 deos.
620 1219 669 1282 Ex
687 1223 870 1295 haereticis,
895 1225 945 1282 alii
955 1263 964 1293 ,
987 1230 1019 1281 ut
1041 1223 1249 1295 Gnostici,
1266 1227 1328 1300 pln-

121 1353 176 1393 res
190 1333 375 1407 induruerant
390 1333 480 1400 deos,
503 1349 577 1409 quos
592 1333 712 1388 Aeones
730 1331 899 1400 vocabant,
920 1328 1118 1404 genealogias
1136 1338 1166 1386 et
1180 1329 1329 1406 ¹ooojugla

122 1438 288 1498 eorundem
305 1438 456 1515 lingentes
474 1438 512 1512 ²).
535 1436 596 1493 niti
610 1453 701 1505 vero,
725 1444 755 1493 ut
777 1428 1020 1512 Manichaei,
1044 1432 1118 1492 duos
1136 1414 1209 1493 deos
1224 1434 1328 1512 admit·¹

122 1544 248 1614 tebant,
276 1560 331 1601 seu
359 1541 469 1618 duplex
493 1559 596 1599 rerum
622 1541 755 1598 omnium
778 1538 973 1615 principium,
1005 1537 1114 1596 bonum
1138 1548 1167 1597 et
1200 1543 1328 1610 malum,

123 1655 283 1722 utrumque
298 1646 489 1723 ingenitum,
521 1654 697 1713 aeternum,
729 1652 861 1703 attamen
883 1644 1011 1702 alterum
1036 1643 1126 1700 alteri
1151 1644 1327 1712 adversum,

123 1751 197 1809 illud
214 1750 283 1809 boni
300 1751 449 1808 omnisne
472 1766 575 1807 rerum
592 1749 792 1807 invisibilium
809 1754 984 1816 auctorem,
1007 1746 1064 1806 boo
1081 1751 1182 1807 omnis
1197 1750 1269 1808 mali
1285 1759 1327 1808 at·

124 1873 180 1931 qne
197 1871 299 1912 rarum
316 1854 505 1912 sensibilium
526 1861 555 1910 et
568 1853 768 1911 materialium
784 1869 927 1922 oausam,
951 1869 1043 1927 porro
1065 1853 1121 1911 boo
1137 1855 1265 1924 veteris,
1285 1865 1327 1914 at·

124 1978 181 2036 qne
196 1957 268 2018 illud
287 1977 382 2016 novae
397 1957 490 2034 Legis
505 1957 698 2016 conditorem.
720 1957 799 2015 ilino
816 1955 873 2014 duo
890 1974 995 2033 regna,
1012 1958 1142 2016 alterum
1166 1960 1264 2029 lnois,
1286 1969 1328 2018 te·

124 2064 285 2122 nebu-arum
304 2065 454 2142 alterum3
476 2062 604 2141 indeque
621 2064 779 2121 continuae
799 2063 828 2120 in
844 2061 997 2121 bominum
1011 2065 1074 2122 vita
1097 2063 1243 2123 bonorum
1267 2085 1327 2126 ma·

125 2172 282 2245 lorumque
297 2167 524 2227 vicissitudines
541 2165 581 2247 ³).
602 2169 663 2227 niti
682 2168 801 2227 taudem
817 2175 882 2225 tres
896 2166 1013 2225 divinas
1029 2185 1177 2243 personas
1201 2188 1259 2229 non
1279 2190 1328 2229 so·

127 2275 186 2332 lum
203 2272 371 2341 relatione,
394 2272 447 2331 sed
464 2283 571 2332 natura
589 2290 623 2331 ao
638 2273 808 2331 substantia
824 2273 948 2330 realiter
960 2271 1119 2332 distinctas
1131 2275 1332 2344 affirmarunt,

125 2377 241 2436 'llritb
253 2397 268 2436 e
278 2377 288 2434 i
299 2395 314 2434 s
325 2385 337 2433 t
347 2395 389 2434 ae
411 2387 572 2453 propterea
589 2377 671 2437 dieti.

206 2478 296 2542 llsse
319 2489 426 2541 autern
450 2498 544 2541 unum
575 2489 608 2541 et
626 2477 752 2544 unicum
782 2487 896 2542 natura
917 2476 1040 2553 Deum,
1067 2481 1172 2546 solum
1203 2502 1328 2557 verum,

127 2585 229 2648 solum
250 2583 361 2647 vivum
378 2593 411 2647 et
424 2582 653 2658 immortalem,
677 2605 740 2647 non
761 2594 885 2648 tantum

209 2691 253 2773 a.)
276 2688 443 2752 innumera
466 2689 528 2752 SS.
549 2686 763 2763 Litterarum,
786 2698 854 2752 tum
869 2688 907 2755 V.
928 2699 995 2754 tum
1012 2691 1051 2755 N.
1072 2690 1125 2766 T,
1148 2693 1220 2759 ioca
1236 2704 1340 2777 prae·'

127 2793 253 2867 dicant,
275 2795 335 2857 sed
349 2792 411 2857 boc
432 2792 568 2877 primum
591 2804 624 2856 et
652 2792 886 2857 fundamentale
916 2797 1033 2882 dogma
1063 2808 1114 2860 ost
1142 2798 1326 2885 utriusque,

126 2910 188 2964 tam
202 2898 379 2972 Mosaicae,
397 2918 492 2983 quam
513 2895 730 2973 Christianae,
750 2899 927 2986 religionis.
942 2901 1026 2967 llino

209 3003 241 3088 1)
263 3005 436 3086 Moyses
458 3001 565 3067 statim
581 3002 621 3066 ab
639 3002 729 3067 initio
756 3004 966 3070 Pentateucbi
978 3017 1012 3070 et
1042 3007 1195 3094 deinceps
1222 3010 1326 3075 Deum

127 3129 221 3172 unum
258 3107 390 3172 exhibet
411 3106 604 3172 Creatorem
642 3108 725 3173 coeli
754 3121 788 3174 et
822 3122 951 3185 terrae,
986 3113 1185 3199 eundemque
1219 3118 1326 3180 solnm

125 3223 240 3278 cuncta
258 3233 317 3297 pro
333 3234 393 3277 suo
414 3212 580 3276 liberrimo
603 3232 641 3276 ac
663 3214 901 3299 sapientissimo
924 3217 1062 3282 consilio
1093 3232 1264 3305 regentem
1286 3242 1323 3286 ac

125 3319 355 3407 moderantem.
384 3317 489 3382 Porro
519 3316 657 3403 primum
672 3318 775 3406 Legis
810 3333 1018 3406 praeceptum
1055 3334 1127 3390 est:
1157 3329 1228 3405 Epo
1256 3348 1326 3390 anna

126 3427 279 3487 dominus
323 3425 412 3486 uem
439 3432 522 3487 tous.
548 3460 584 3471 -
608 3424 896 3505 Noododeba'a
926 3435 1033 3491 deon
1054 3431 1236 3496 alienos.
1258 3439 1328 3494 Non

121 3533 228 3608 socies
255 3531 310 3590 tids'
338 3530 501 3607 sculptile,
531 3550 636 3609 neque
673 3550 796 3592 omnem
825 3533 1080 3610 ammonitem,
1115 3556 1197 3616 puae
1226 3546 1276 3599 eat
1293 3547 1327 3601 in

125 3635 208 3694 coelo
230 3639 384 3709 desuper,
415 3645 448 3696 et
469 3653 550 3715 quoe
566 3641 600 3696 in
620 3642 709 3697 terro
725 3643 889 3712 deorsum,
911 3659 971 3701 nee
999 3658 1328 3723 commutassent
1388 3718 1390 3724 ‚

125 3739 156 3796 in
183 3744 278 3819 apula
304 3739 364 3800 aud
390 3744 479 3799 terro
510 3739 549 3821 ⁴).
578 3736 726 3821 inprimis
755 3752 862 3804 antem
884 3742 1138 3808 Deuteronomio
1160 3744 1192 3809 id
1221 3745 1327 3833 ipsum

127 3842 259 3924 Moyses
276 3841 411 3929 gravius
426 3852 459 3904 et
480 3839 627 3905 crebrius
637 3841 786 3919 inculcat,
809 3866 849 3909 ne
871 3847 943 3930 ipso
959 3847 1024 3912 vita
1041 3847 1192 3914 defuncto
1211 3851 1327 3915 dudaei

128 3945 284 4010 communi
294 3947 484 4033 populorum
495 3947 726 4030 depravatione
739 3964 1032 4034 corrumperentur.
1054 3952 1229 4041 Postquam
1239 3956 1326 4020 enim

129 4179 369 4200 w

164 4314 185 4382 ι)
202 4322 268 4368 sna.
288 4320 420 4370 natarat.
440 4319 459 4370 ι.
480 4320 506 4370 ι.
526 4333 551 4369 0·
570 4320 598 4372 a.
618 4315 688 4387 opp.
708 4317 741 4374 v.
758 4289 824 4390 ap.
843 4325 899 4377 ιιι.
967 4378 970 4383 ,

161 4397 183 4468 ²)
201 4407 244 4461 cr.
262 4403 307 4472 ετ
318 4404 361 4470 ta,
378 4405 554 4472 aeternnm
572 4405 680 4478 mutto.
700 4414 775 4467 iseo.
792 4417 818 4466 a.
836 4411 873 4468 tn.
891 4417 917 4468 a.
932 4412 964 4469 a.
978 4429 1007 4483 p.
1027 4419 1056 4471 ιι
1075 4431 1116 4471 ιι.

161 4485 184 4556 ³)
203 4497 245 4550 Gi.
264 4495 306 4549 ld.
322 4499 346 4552 ³.
366 4484 403 4550 Q.
424 4499 445 4547 1.
460 4494 493 4551 li.
509 4513 535 4564 p.
550 4501 601 4552 ott
620 4515 662 4554 ss.

161 4583 183 4658 ι)
200 4587 291 4641 oxon.
309 4588 352 4652 ao,
370 4590 445 4643 2-a.
463 4590 505 4644 ou
523 4592 547 4655 a,
569 4593 608 4646 ιι.
