2926 5168
125 255 189 325 sii

121 409 265 473 virorum
284 409 380 473 facile
403 408 566 494 princeps,
589 415 625 486 (ρ
647 428 674 471 a.
697 412 803 486 253.):
834 413 962 492 Species
992 429 1067 474 cero
1089 432 1219 485 eoram,
1252 430 1326 492 puae

119 537 178 596 ρον
196 519 470 598 praedicationem
490 514 706 596 Apostolicam
725 520 897 596 manifeste
918 523 1110 593 traduntur,
1132 521 1218 580 istae
1238 527 1325 581 succ.-

121 619 228 685 Primo
250 629 335 702 pnoa
361 641 445 683 anus
466 622 557 685 Deus
578 628 649 702 cst,
678 626 731 703 qni
760 625 865 684 omnia
895 627 1016 684 crearit
1034 629 1128 705 atque
1149 629 1327 703 composuit,

122 732 247 811 auique,
269 747 341 790 cnm
361 727 445 790 nibil
463 734 557 799 esset,
580 747 651 789 esse
667 730 751 806 fecit
768 731 932 807 uniuersa,
954 728 1045 790 Deus
1066 733 1215 808 aprima
1236 750 1328 792 creo·

122 843 196 895 tura
217 839 249 895 et
274 835 453 896 conditione
483 835 608 907 nsandi,
639 836 775 894 omniurn
797 835 960 910 justorum
984 832 1075 894 Deus
1106 856 1164 894 -.·
1197 840 1231 896 et
1250 833 1334 916 quod

122 941 171 1000 bic
193 940 285 1000 Deus
314 942 348 1000 in
376 941 557 999 nouissimis
588 939 718 1010 diebus,
749 943 833 998 sicut
857 956 916 1015 per
946 938 1129 1016 Prophetas
1159 959 1239 1001 snos
1261 945 1333 1001 ante

117 1045 331 1121 promiserat,
366 1047 454 1104 misit
488 1044 659 1104 Dominum
690 1047 834 1102 nostrum
865 1047 977 1102 Jesum
1013 1043 1194 1124 Christum,
1228 1047 1332 1123 primo

121 1151 248 1229 quidem
270 1154 451 1210 vocaturum
473 1153 599 1222 Isroie'i,
626 1148 767 1208 secunao
788 1167 862 1208 cero
890 1151 984 1207 etiam
1003 1154 1113 1224 pentes
1138 1154 1215 1227 post
1231 1151 1330 1228 perfi-

121 1254 205 1322 diam
223 1256 330 1332 popuii
351 1254 464 1315 Israii.
492 1253 554 1323 Hic
575 1260 662 1314 Dens
680 1255 796 1330 justus
825 1258 857 1312 et
876 1255 978 1323 bonus
998 1252 1100 1314 Pater
1122 1255 1252 1315 Domini
1272 1273 1332 1316 uo·

120 1362 182 1420 stri
202 1359 285 1420 Jesu
308 1361 426 1421 Christi
448 1359 549 1435 tepens
570 1369 602 1421 et
617 1359 790 1438 propbetas
811 1363 841 1417 et
861 1359 1024 1433 eoanpetio
1057 1360 1126 1433 ipsc
1147 1359 1249 1430 dedit,
1278 1363 1332 1441 qui

121 1469 153 1523 et
178 1463 403 1544 Apostolorum
434 1465 524 1524 Dens
555 1473 617 1541 est,
649 1469 680 1524 et
706 1466 823 1523 ceteris
852 1467 885 1522 et
909 1465 984 1522 nooi
1017 1466 1219 1525 Testamenti.
1254 1463 1331 1525 Pam

121 1570 242 1641 deinde,
265 1575 340 1652 quia
361 1576 460 1630 Jesns
478 1568 634 1641 Cbristns,
657 1573 725 1647 ipse
748 1570 803 1650 qui
823 1573 915 1640 venit,
938 1573 1033 1630 ante
1055 1586 1201 1630 omnem
1221 1589 1330 1630 creo·

122 1679 249 1735 turam
275 1681 397 1736 natus
417 1695 469 1736 ea
498 1676 626 1735 Patre
656 1679 727 1735 est.
763 1671 827 1745 (ini
847 1691 919 1733 cum
940 1679 973 1732 in
994 1675 1133 1732 omnium
1153 1672 1332 1734 conditione

120 1783 211 1840 Patri
240 1783 460 1841 ministrasse!
490 1779 566 1858 (non
588 1785 738 1861 tanquam
760 1796 895 1858 servus,
927 1777 986 1839 sed
1007 1787 1158 1862 tanquam
1180 1777 1331 1862 proprius

120 1879 230 1947 Patris
251 1883 276 1946 F
277 1881 375 1968 ilius),
396 1904 457 1961 per
477 1887 583 1963 ipsum
604 1891 687 1945 enim
708 1887 814 1944 omnia
830 1886 925 1958 facta
944 1895 1033 1963 sunt,
1055 1887 1240 1946 novissimis
1261 1890 1332 1946 tem·

118 1991 269 2066 poribus,
291 2011 339 2052 se
356 1994 368 2051 i
381 2012 402 2068 p
417 2011 434 2052 s
450 2009 472 2051 u
486 2011 517 2050 m
549 1993 802 2052 cainaniens
823 1991 915 2052 bomo
931 1993 1044 2068 factus
1064 1992 1256 2051 incarnatas
1277 1994 1332 2058 est,

121 2113 192 2156 cnm
212 2101 320 2156 Deus
341 2100 480 2167 esset,
503 2101 536 2155 et
553 2096 644 2156 bomo
662 2099 776 2172 sactus
797 2098 936 2164 mansit,
969 2095 1193 2175 quoderat
1212 2093 1332 2157 Deus.

125 2198 248 2279 corros
270 2206 424 2262 assumsit
447 2206 557 2262 nostro
587 2205 713 2279 corpori
740 2201 858 2270 simite,
887 2219 923 2261 eo
953 2200 1021 2262 soto
1050 2200 1205 2278 differens
1213 2241 1228 2278 ,
1250 2197 1335 2279 quod

121 2312 231 2369 natum
252 2325 295 2368 ea
320 2309 450 2383 Virpine
472 2313 504 2367 et
522 2305 646 2385 ‹Spiritn
666 2305 701 2368 S.
723 2312 778 2369 est.
800 2306 846 2367 Et
866 2309 1015 2388 quoniam
1034 2309 1087 2367 bic
1107 2305 1212 2367 Jesns
1236 2304 1332 2366 Obri-

121 2414 191 2470 stns
211 2416 308 2471 natus
330 2417 362 2471 et
378 2430 496 2487 passus
518 2415 620 2471 estin
641 2414 780 2484 veritate,
803 2421 833 2472 et
854 2431 920 2472 non
939 2430 998 2491 per
1016 2414 1224 2490 phantasiam
1245 2429 1330 2472 com·

121 2533 247 2575 munem
267 2514 353 2574 nanc
373 2527 505 2578 mortem
526 2520 694 2589 scistinuit,
715 2536 790 2599 cere
810 2527 973 2579 mortuns:
1002 2535 1076 2576 cere
1097 2521 1182 2578 enim
1204 2536 1226 2576 a
1244 2535 1331 2578 mor·

121 2620 186 2678 tuis
205 2622 398 2690 recurreait,
420 2626 543 2698 etpost
562 2626 826 2684 resurrectionem
849 2627 1054 2683 conversatus
1075 2641 1146 2683 cum
1167 2622 1333 2700 discipulis

122 2727 204 2802 sitis,
227 2731 413 2803 assumptus
432 2731 489 2785 est.
516 2726 597 2787 Tum
618 2728 731 2789 deinde
751 2730 901 2789 bonore
923 2748 967 2788 ac
988 2727 1192 2803 aipnitate
1214 2728 1333 2788 Patri

123 2849 172 2891 ac
193 2829 306 2893 min
328 2835 532 2891 sociatum
554 2833 755 2894 tradiderunt
776 2836 974 2912 Spiritum
995 2819 1190 2893 Sanctum
1208 2834 1253 2916 ¹).
1276 2828 1332 2893 lit:

122 2941 228 2997 Primo
249 2935 332 2995 iilud
350 2954 409 2996 nos
432 2942 551 3014 oportet
571 2943 653 2997 scire
661 2981 673 3015 ,
708 2939 794 3018 quod
813 2938 903 2999 aliua
923 2940 1027 2998 estin
1050 2935 1181 2998 Obristo
1204 2938 1333 2998 deita-

122 3046 181 3102 tis
201 3043 291 3118 ejus
312 3047 479 3114 natura,
503 3043 589 3123 quod
607 3049 671 3104 est
688 3046 932 3120 unipenitus
953 3043 1092 3103 Filius
1112 3044 1284 3105 Patris:
1304 3047 1334 3101 ct

123 3146 188 3207 alia
208 3149 348 3209 bumana
368 3156 505 3216 notura,
533 3163 628 3224 anam
650 3147 685 3203 in
704 3145 888 3204 novissimis
909 3143 1102 3219 temporibus
1120 3147 1333 3222 prodimu-

121 3252 245 3312 satione
265 3253 413 3327 suscepit.
442 3284 481 3298 -
511 3253 547 3311 Si
567 3248 667 3309 semei
684 3257 769 3308 reete
789 3256 950 3325 receptum
972 3254 1039 3321 est,
1067 3251 1332 3325 unipenitnm

123 3354 282 3417 Filium
302 3355 395 3421 Dei
414 3375 433 3414 s
449 3355 727 3433 apientiam
749 3355 840 3426 eJ'us
861 3372 958 3414 esse
977 3353 1332 3415 substantialiter

122 3461 438 3532 subsistentem,
460 3463 586 3531 nescio,
609 3456 726 3535 sijum
747 3456 833 3517 ultra
855 3461 987 3536 conpari
1008 3477 1125 3520 sensus
1145 3466 1256 3519 noster
1276 3459 1330 3519 de·

119 3554 197 3627 vbeat
215 3572 260 3627 aa
281 3570 519 3642 suspicandum,
542 3584 585 3625 ne
610 3568 698 3643 forte
728 3566 799 3639 ipsa
828 3551 986 3634 bnbgaoa',
1019 3565 1056 3624 id
1086 3570 1135 3623 est
1154 3567 1330 3626 substantio

123 3674 204 3749 ejus,
227 3690 415 3748 corporeum
437 3672 559 3749 abania
579 3671 708 3748 babeat,
730 3689 800 3730 cum
822 3689 931 3748 omne,
955 3669 1041 3750 quod
1070 3688 1257 3750 corporeum
1277 3674 1327 3738 est,
1365 3711 1376 3733 1

122 3778 174 3839 cci
192 3780 320 3856 babitu,
351 3777 404 3837 cei
430 3776 550 3847 colore,
582 3774 634 3835 cei
660 3774 876 3850 mopnitudiue
904 3778 1095 3851 aesipnetur.
1129 3809 1168 3820 —
1202 3775 1326 3838 Extra
1343 3789 1376 3831 ε

123 3902 242 3957 omne,
265 3883 375 3965 quod
393 3888 465 3944 oei
484 3885 581 3955 dici,
603 3887 674 3943 oei
693 3881 889 3958 inteliiyi
905 3885 1057 3959 potest,
1078 3883 1247 3944 initium
1263 3897 1376 3958 pe·-

122 3993 320 4072 npratam
341 4007 436 4048 esse
457 3988 707 4049 credendum
728 3995 789 4047 est
809 3989 1065 4067 Sapientiam.
1088 4020 1129 4032 -
1157 3986 1376 4050 Verbum

124 4094 202 4155 Dei
223 4111 310 4152 eam
333 4090 551 4176 (sapientiam)
576 4112 694 4166 esse,
717 4093 958 4170 inteiiipendum
979 4099 1029 4154 est
1051 4111 1111 4173 per
1142 4092 1220 4166 boc,
1250 4105 1376 4172 ast=

123 4202 195 4278 ipsa
214 4201 349 4259 caeteris
370 4200 522 4272 omnibus,
544 4200 580 4259 id
598 4205 650 4259 est
667 4200 838 4260 universae
870 4202 1039 4259 creaturae
1059 4201 1276 4276 mysteriorum
1291 4199 1373 4250 &l

125 4321 314 4366 arcanorum
333 4307 490 4367 rationem
499 4349 512 4384 ,
535 4323 616 4386 puae
636 4306 745 4382 utique
764 4306 850 4364 intro
871 4302 935 4364 Dei
955 4306 1148 4380 sapientiam
1169 4304 1336 4367 monn-

123 4417 186 4480 ror,
209 4411 353 4487 aperiat:
377 4419 408 4470 et
426 4430 485 4486 ρον
505 4410 564 4472 boc
590 4410 726 4472 Verbum
749 4412 875 4481 dicitrcr,
899 4411 975 4488 auia
995 4413 1039 4471 sit
1060 4420 1215 4493 tanquam
1235 4420 1315 4470 cria·

160 4661 185 4722 ¹)
203 4662 244 4712 De
260 4663 349 4720 orins.
365 4663 453 4719 praef.
472 4675 499 4713 n.
517 4664 546 4713 4.
567 4659 639 4725 opp,
656 4660 689 4715 Τ,
710 4663 734 4716 1.
752 4676 780 4728 ρ,
798 4663 830 4713 217
849 4675 873 4710 s.
