2926 5168
1280 214 1323 280 m

119 364 321 431 tustinus
343 366 386 431 M.
410 374 461 443 ¹),
483 347 716 448 Dionysius
744 370 797 442 ²),
826 361 1012 426 Hermas
1042 362 1087 448 ³),
1116 360 1321 427 Clemens

120 471 227 536 Alex.
249 472 286 555 ⁴),
309 470 570 555 Theophilus
591 468 881 534 Antiochenus
905 467 951 553 ⁶),
982 467 1221 556 Gregorius
1243 470 1322 534 Na·

158 658 182 721 ι)
200 661 309 719 Apolop.
326 659 349 708 1.
367 674 394 711 n.
415 661 462 709 61.
483 657 553 723 Opp.
571 672 595 724 p.
615 658 657 708 82·
675 654 784 710 Nemo
803 666 854 709 ert
871 660 958 718 enim,
976 662 1034 720 pui
1053 673 1175 710 nomen
1196 659 1322 708 dicere

120 756 190 793 nou
217 741 427 790 enarrabili
453 744 524 792 Deo
546 741 679 802 possin·
705 748 752 789 aut
774 741 798 788 ri
820 740 878 802 quir
899 742 992 791 dicere
1016 744 1132 800 arrdeol,
1157 754 1253 790 nomeu
1280 740 1323 788 ilii

120 824 221 880 inerre,
239 821 263 870 ir
277 823 381 878 perdite
399 823 508 872 inorruit.
535 820 571 871 lu
590 821 665 871 Diat.
683 836 707 872 c.
733 822 824 881 i'rppb.
847 836 873 870 u.
893 824 924 871 4.
939 832 964 883 p.
984 822 1041 871 110.
1060 824 1120 871 Hoc
1137 823 1237 882 iprum,
1256 822 1324 881 prod

120 917 204 960 supra
229 916 331 952 omnem
359 903 500 953 erientiam
525 908 581 965 erl,
618 916 683 952 non
717 903 951 962 enarrabile,
985 917 1053 953 non
1082 901 1324 961 explicabile,

121 998 160 1033 ro
171 987 242 1032 inm·
254 984 441 1038 pulcbrum
460 992 492 1033 et
509 984 640 1042 bouum,
660 984 757 1034 animia
775 998 792 1030 a
809 988 904 1032 natura
924 985 989 1033 bene
1006 983 1156 1038 informatio
1174 983 1205 1031 ob
1224 995 1324 1040 capno-

121 1065 224 1113 tianem
248 1068 275 1114 et
287 1064 397 1113 uidendi
412 1065 583 1121 cupiditatem
601 1064 678 1113 illico
697 1064 837 1123 aputpenr.
865 1057 908 1112 Gi.
937 1065 1013 1120 Apol.
1035 1063 1057 1112 Ι.
1074 1078 1100 1114 ο.
1125 1066 1173 1113 10.
1192 1075 1218 1126 p.
1238 1061 1280 1112 ue.
1299 1063 1326 1110 el

121 1147 233 1205 Apolop.
251 1146 286 1194 11.
303 1159 329 1196 a.
349 1147 378 1194 6.
396 1157 422 1208 p.
438 1144 481 1194 95.
496 1157 521 1194 a·

158 1215 185 1286 ²)
204 1226 243 1275 De
257 1226 312 1273 dio.
332 1227 430 1275 nomin.
446 1240 471 1276 c.
489 1228 538 1275 13.
553 1225 583 1279 t.
603 1228 629 1275 1.
653 1223 721 1288 Opp.
740 1224 771 1274 Τ.
787 1227 810 1274 1.
829 1236 855 1288 p.
878 1225 937 1275 876.
958 1226 1131 1288 Quaruobrem
1152 1225 1202 1282 ipri
1225 1237 1325 1287 propere

123 1319 265 1355 urceorum
284 1305 361 1355 illum
375 1321 422 1363 per
439 1308 593 1366 iterationes
604 1309 801 1364 praetulerunt,
819 1311 848 1353 nt
869 1306 914 1366 pui
933 1307 1049 1355 animam
1071 1320 1087 1354 a
1109 1306 1229 1365 cranous
1248 1306 1326 1355 rebar

123 1401 261 1447 avocans,
280 1388 317 1435 ad
341 1401 432 1437 omnen
448 1388 553 1437 divinar
576 1387 768 1443 inteliipeutiaa
789 1387 860 1434 uiam
877 1392 993 1446 sternat,
1020 1387 1115 1448 pnibur
1136 1388 1269 1444 excipitur
1288 1387 1327 1445 id,

124 1468 459 1529 quodomninamine
485 1467 868 1528 omnipuerotioueac
898 1468 1111 1525 counitione
1130 1467 1328 1515 sublimius

123 1549 238 1599 euielit..
256 1546 300 1599 cf.
319 1562 344 1597 c.
361 1550 388 1598 1.
405 1548 433 1604 8.
450 1553 477 1597 5.
496 1560 521 1611 p.
536 1547 586 1597 lilii
602 1559 626 1597 ε.
639 1545 676 1596 Et
693 1549 733 1597 De
751 1550 820 1601 coel.
838 1550 981 1597 Hierareb.
999 1563 1024 1599 c.
1039 1550 1066 1598 2.
1081 1548 1111 1602 3.
1127 1550 1157 1598 3.
1175 1557 1201 1609 ρ.
1223 1546 1265 1597 18.
1282 1549 1327 1596 ,u-

125 1642 178 1690 prre
197 1633 245 1679 too
264 1624 388 1692 (wando
405 1626 580 1692 significatur
598 1639 671 1687 non,
696 1625 761 1690 quid
780 1628 859 1677 Beue
874 1625 922 1687 sit,
941 1625 991 1676 scd
1012 1625 1077 1690 quid
1095 1625 1217 1691 nonsit)
1236 1634 1266 1676 nt
1287 1642 1329 1675 ar·

125 1712 227 1768 bitror,
252 1711 337 1769 mapir
354 1710 404 1766 ipsi
420 1711 553 1767 proprium
568 1718 621 1760 est:
639 1723 700 1759 narn
723 1711 763 1759 uti
780 1724 881 1760 arcana
899 1710 949 1757 illa
965 1709 1190 1770 sacerdotalisque
1207 1704 1328 1758 Traditio

123 1790 284 1848 irripuerit,
302 1803 364 1839 uere
377 1791 501 1851 dicimur,
519 1804 578 1840 eum
594 1804 647 1841 non
661 1803 719 1838 erse
734 1793 877 1841 secundum
891 1789 1033 1850 quidquam
1050 1802 1158 1848 eorum,
1176 1801 1246 1851 puae
1260 1797 1329 1846 runt,

125 1868 623 1928 lieetep'urrupererrantiatem
641 1871 922 1921 etincisibilem
940 1870 1230 1926 etinetfabilem
1248 1870 1328 1926 infi-

124 1952 281 2002 nitatem
302 1953 517 2010 donaremur.

160 2023 187 2090 3)
206 2033 308 2081 Pastor.
328 2033 344 2079 l.
364 2034 392 2080 2.
408 2035 497 2083 moad.
522 2035 548 2080 1.
567 2030 735 2085 coteler.
753 2031 811 2083 PP.
826 2036 913 2089 Aport.
927 2034 1037 2085 Amrtel,
1053 2031 1127 2082 1721.
1144 2030 1180 2084 V.
1203 2035 1228 2084 1.
1242 2044 1269 2095 ρ.
1287 2031 1329 2081 8⁵.

125 2112 249 2162 Primum
264 2112 387 2171 omniura,
406 2117 515 2164 eredere
532 2115 600 2175 puod
614 2127 682 2163 artus
701 2117 833 2173 ertDeus,
852 2115 897 2175 pai
916 2115 1132 2171 onatavcreaou,
1150 2119 1176 2162 et
1192 2125 1329 2164 commiua-

126 2195 176 2254 nit,
191 2201 217 2243 et
230 2208 264 2243 ea
280 2193 365 2242 nibilo
379 2195 467 2244 omnia
480 2197 557 2252 fecit.
571 2196 629 2252 ipre
638 2209 724 2254 eapaa
739 2196 929 2252 universorum,
943 2197 1015 2243 solur
1030 2195 1171 2245 immensus
1186 2202 1232 2245 ert.
1243 2195 1288 2257 Qu
1297 2194 1330 2242 ia

125 2284 192 2322 nec
210 2274 313 2336 uerbo
332 2275 502 2339 definiri,
520 2291 584 2326 uec
605 2284 718 2328 menta
738 2276 886 2334 concipi
902 2281 1031 2332 potest.

163 2348 270 2416 ⁴)1.o.

163 2426 189 2495 ⁵)
208 2436 348 2488 Addntal.
364 2438 383 2487 l.
395 2440 421 2486 1.
438 2453 462 2488 u·
480 2440 507 2487 3.
518 2442 549 2489 4.
564 2436 661 2506 Oppi
667 2434 780 2489 ustio.
795 2434 836 2487 Μ.
852 2437 980 2500 p0361s.
997 2437 1096 2485 dudio
1115 2437 1207 2486 bomo:
1219 2439 1331 2494 formo

128 2517 195 2566 Dei
212 2529 277 2566 neo
295 2518 378 2578 dici,
398 2534 463 2568 nec
481 2521 775 2581 narraripotert,
802 2532 851 2569 nec
877 2519 966 2568 oculis
988 2517 1122 2575 corporeis
1139 2516 1236 2566 videri.
1262 2518 1332 2566 Nam

130 2609 194 2648 nec
213 2593 294 2652 eine
311 2598 434 2656 ploria
453 2602 562 2650 animo
577 2603 667 2660 capi,
686 2616 748 2653 nec
765 2600 973 2660 mapnitudo
992 2597 1245 2654 comprehendi
1259 2604 1330 2654 rot-

129 2679 463 2739 ert‚necaltiludo
483 2684 652 2742 capitari,
672 2696 735 2732 nec
754 2679 1332 2740 einerobrrrincomparaticnem

128 2759 269 2824 uocari,
287 2772 349 2809 nec
368 2757 553 2816 rapientia
576 2763 804 2824 arrimilori5
834 2771 897 2811 nee
915 2760 996 2818 ejus
1021 2759 1237 2818 beaipnitar
1261 2759 1333 2807 imi·

130 2838 273 2899 tabiiir,
292 2841 635 2898 necbeneficentia
653 2842 893 2893 enarrabilis.
911 2836 986 2889 Nam
1006 2841 1030 2888 ri
1048 2842 1136 2889 lucem
1154 2853 1215 2889 eum
1232 2840 1331 2900 dicum,

132 2933 196 2978 opus
213 2916 272 2976 eiua
286 2921 365 2970 dico:
383 2923 408 2971 ei
425 2923 537 2971 Verbum
552 2924 658 2984 dicam,
685 2922 742 2982 ep'ur
756 2922 933 2978 principatum
948 2922 1027 2970 dico:
1051 2921 1074 2969 ri
1098 2928 1209 2970 meatem
1233 2920 1336 2981 dicam,
1391 2914 1393 2918 ⁴

131 2998 190 3058 ejus
205 3002 372 3064 prudentiam
390 3004 467 3052 dieo:
485 3005 510 3052 ri
524 2999 643 3060 meritum
656 3006 754 3058 dicum,
774 3003 856 3058 ipsius
872 3002 1073 3058 respirationem
1090 3002 1167 3051 dico:
1186 3002 1210 3049 ri
1228 3000 1333 3058 rapien-

132 3085 197 3132 tiam
215 3083 314 3138 dicam,
333 3079 391 3138 edus
405 3084 559 3142 propeniem
576 3082 654 3132 dico:
681 3085 705 3136 si
724 3085 802 3133 robur
826 3084 933 3142 dicam,
959 3081 1017 3140 ejus
1037 3083 1181 3138 polentiam
1204 3082 1283 3130 dica:
1309 3081 1333 3129 ri

132 3165 255 3213 rutulam
274 3164 373 3222 dicam,
392 3163 451 3222 ejur
468 3165 644 3221 operationem
659 3166 736 3214 dico:
755 3166 779 3214 ri
791 3164 985 3221 prouidentiam
1001 3163 1108 3219 dicam,
1133 3159 1191 3218 mres
1214 3162 1333 3220 benipni·

134 3251 216 3294 tatem
228 3243 306 3291 dico:
325 3245 350 3292 ri
365 3259 475 3303 reanum
492 3246 598 3302 dicam,
616 3245 674 3304 ejus
691 3247 805 3304 pluriam
819 3246 896 3294 dicct
914 3245 1085 3292 adruinum
1100 3243 1333 3304 dicam,judioem

133 3327 215 3374 dicor
232 3323 386 3381 rijudicam
398 3326 504 3385 dicam,
514 3325 615 3384 jurium
627 3340 690 3386 ,euru
703 3327 781 3374 dico:
799 3327 822 3374 ri
841 3330 943 3382 patrem
956 3326 1063 3383 dicam,
1077 3325 1165 3373 omnia
1180 3337 1240 3372 eum
1252 3325 1333 3372 diac.-

133 3405 381 3464 dimnaticum,
400 3406 567 3456 iracundiam
593 3407 652 3467 ejus
675 3409 745 3457 dico.
769 3408 851 3456 Dices
875 3406 956 3466 ipitur
981 3406 1061 3454 mibi:
1087 3405 1218 3454 innuitur
1242 3405 1336 3453 Dens?

125 3487 271 3538 -iiaeiruer
290 3485 415 3535 irascitur
430 3488 500 3537 enim
516 3492 586 3538 male
605 3489 759 3550 apentibur,
779 3487 861 3536 bouus
875 3501 936 3536 vero
956 3494 984 3538 et
998 3487 1127 3547 beuipnus
1143 3491 1168 3534 el
1183 3486 1336 3534 misericors

125 3575 174 3619 ert
182 3568 212 3617 in
225 3581 280 3626 eor,
289 3567 401 3628 puieum
410 3566 711 3619 arnantootimeut.1brt
724 3568 797 3617 enim
809 3569 936 3626 mopirter
949 3571 1052 3624 piorum
1066 3581 1099 3616 ac
1112 3565 1334 3624 paterjnrtorum,

136 3647 217 3706 iudea
234 3662 296 3697 uero
315 3653 343 3696 et
358 3649 454 3721 oindeu
473 3650 623 3705 impiorum.
641 3649 722 3698 Caret
735 3649 877 3709 principio,
896 3650 959 3709 peria
978 3649 1113 3707 inuenitur
1131 3651 1187 3695 ert:
1211 3647 1335 3695 imunita-

136 3730 198 3780 biiir
214 3735 270 3787 ert,
288 3733 417 3799 quatenus
431 3730 594 3779 immortalia.
614 3731 687 3780 Deus
700 3731 799 3779 dicitur
816 3719 865 3774 broi
888 3719 922 3776 no*
946 3726 1112 3789 tiburicen,
1139 3729 1169 3776 id
1192 3733 1246 3789 ert,
1273 3727 1336 3788 puia

136 3810 225 3860 outnia
242 3809 271 3858 in
286 3820 335 3856 rua
352 3807 435 3873 iprius
450 3811 594 3860 stabilitate
607 3812 704 3869 posuit,
722 3816 749 3860 et
767 3802 815 3856 dni
832 3801 865 3858 ri
881 3808 965 3871 dian,
983 3813 1052 3873 quod
1068 3812 1139 3859 idem
1157 3816 1205 3870 ert,
1223 3823 1256 3858 ac
1276 3822 1335 3858 aar·

136 3903 204 3947 rere,
223 3895 251 3939 et
262 3902 377 3952 mouere,
396 3894 424 3938 et
439 3892 559 3954 operari,
579 3898 606 3942 et
618 3893 743 3952 nutrire,
760 3899 785 3940 et
800 3895 955 3953 procidere,
972 3897 999 3941 et
1013 3893 1150 3948 vivificare
1165 3890 1263 3940 omnia.
1281 3890 1335 3938 Do·

136 3973 224 4021 minus
240 3975 288 4033 ert,
309 3970 372 4031 puiu
385 3972 505 4020 omnibus
519 3974 686 4024 dominaturi
702 3978 787 4033 poter,
802 3974 865 4034 quia
880 3981 941 4024 onte
956 3974 1063 4023 omnia:
1082 3971 1202 4023 conditor
1218 3976 1244 4019 et
1260 3981 1336 4020 ereo·

137 4058 184 4113 tor,
202 4051 267 4113 onia
282 4050 370 4100 omnio
385 4051 505 4099 condidit
518 4057 545 4100 et
558 4055 674 4103 creauit:
693 4053 848 4113 altissimus,
867 4055 929 4116 puio
945 4065 1023 4110 supra
1042 4053 1148 4102 omnia:
1168 4051 1337 4110 omnipoteni,

137 4135 201 4194 puio
218 4132 307 4183 amnia
325 4137 398 4180 tenet
414 4138 440 4180 et
456 4134 647 4189 complectitur.
673 4135 741 4183 Nam
759 4140 787 4184 et
802 4138 860 4184 alta
879 4138 1012 4184 coelorum
1033 4140 1061 4183 et
1085 4135 1217 4191 profunda
1234 4133 1341 4191 abprro-

138 4225 194 4263 Μ
208 4217 236 4261 et
252 4212 358 4261 termini
377 4212 447 4260 erbis
459 4218 548 4261 terrae
563 4219 624 4262 runt
637 4214 665 4263 ia
682 4228 762 4264 mana
784 4215 861 4273 mue:
880 4228 931 4266 nea
949 4221 989 4265 ert
1005 4219 1092 4275 loeus,
1109 4216 1138 4264 in
1156 4227 1206 4275 pua
1224 4219 1339 4261 moretur

140 4301 161 4342 et
178 4291 310 4356 puiereot.
328 4293 379 4340 liat
395 4293 466 4343 euim
484 4298 588 4344 coelum
606 4294 663 4352 eius
689 4308 769 4352 apae,
787 4303 857 4345 terra
877 4302 903 4345 et
918 4309 993 4345 mare
1012 4294 1070 4354 ejus
1088 4295 1236 4360 apiarium,
1264 4295 1338 4341 bomo

141 4375 194 4434 dur
211 4375 364 4433 ilementum
382 4378 409 4422 et
424 4376 522 4433 imapo.
549 4376 613 4434 Sol,
637 4378 706 4424 luna
723 4383 751 4424 et
767 4378 863 4426 stellae
888 4383 949 4426 sarit
965 4375 1024 4435 ejur
1042 4377 1189 4433 elementa,
1214 4375 1244 4422 in
1261 4373 1339 4430 riano

141 4462 163 4504 et
175 4464 302 4515 tempora,
320 4459 346 4504 el
356 4454 415 4518 dier
428 4460 457 4504 et
472 4470 556 4520 annor
573 4457 689 4515 condita,
706 4458 929 4507 utminirtrentet
944 4457 1063 4506 reroiaut
1080 4454 1239 4504 bantinibus.
1256 4455 1339 4513 Atprre

143 4537 226 4587 omnia
242 4538 316 4585 Deus
329 4535 406 4594 tecit,
425 4548 484 4586 carm
499 4543 579 4589 antea
594 4551 646 4587 non
663 4544 757 4595 errent,
775 4543 804 4587 ut
818 4551 852 4587 ea
868 4538 989 4595 operibor
1006 4542 1182 4595 copnorcauu·
1197 4543 1225 4585 et
1239 4532 1338 4584 intelli·

135 4616 216 4674 *tatur
232 4612 299 4675 ejer'
308 4612 440 4674 mamertus.
698 4625 700 4629 ⁴
1120 4684 1141 4748 7
