2926 5168
197 229 258 296 160

195 385 316 442 etiam
336 381 578 443 voluntates
598 385 768 441 nostras
787 382 994 457 iquorore
1015 399 1093 442 non
1112 385 1268 459 potuit,
1291 401 1397 463 quoa

195 496 436 549 nostrorum
465 503 632 562 operum
659 504 813 546 causae
837 504 925 545 eoae
953 490 1190 563 praescivit
1212 484 1397 566 ¹).-flie·

195 609 413 673 ronymus:
439 590 513 651 Oui
536 588 634 669 (Deo)
657 595 794 651 omnia
811 592 968 663 futura
986 593 1069 666 iam
1086 595 1208 669 sacta
1229 597 1341 661 aunt,
1363 597 1400 652 el

199 703 422 776 antequam
439 699 572 774 siant,
595 701 801 756 universo
821 702 926 756 suut
943 701 1042 756 noto
1063 693 1098 778 ²).

281 790 471 864 Ecclesia
493 808 599 861 autem
608 797 800 862 universalis
809 797 977 882 speciatim
992 799 1115 863 hancce
1132 800 1305 865 veritatem
1325 800 1397 865 lide·

195 906 295 977 libus,
333 889 438 967 Deum
461 903 637 987 perlectam
662 902 828 967 scientiam
853 923 962 966 rerum
987 904 1143 980 omnium,
1167 916 1201 969 et
1225 905 1397 990 praecipue

121 1024 122 1027 ’
196 1010 356 1074 actionum
376 1009 584 1073 humanarum
610 1008 749 1082 babere,
771 1007 889 1093 ubique
910 1008 1064 1084 inculcet,
1095 1022 1191 1096 atque
1217 1006 1306 1073 omni
1334 1031 1398 1095 ,sua

131 1135 133 1141 ·
197 1114 314 1204 agendi
328 1114 454 1178 ratione
467 1134 505 1179 ac
519 1113 586 1177 vita
604 1134 682 1196 prae
707 1133 743 1177 se
762 1111 833 1176 fert.

279 1220 350 1284 Nec
369 1239 433 1283 non
448 1217 556 1282 ratio
571 1217 651 1302 ipsa,
673 1238 746 1284 cum
760 1218 852 1281 Deus
859 1239 967 1282 rerum
980 1219 1120 1283 omnium
1131 1220 1173 1285 sit
1184 1233 1299 1286 auctor
1308 1232 1397 1305 atque

199 1327 414 1412 gubernator,
438 1336 471 1388 et
483 1323 605 1398 omnia,
629 1343 837 1408 quaecunque
865 1335 988 1387 suntet
1009 1324 1105 1399 fiunt,
1134 1327 1269 1412 exejus
1292 1324 1397 1388 volun·

196 1443 279 1504 tate,
302 1430 372 1494 sive
389 1429 557 1493 ordinante
575 1428 645 1491 sive
665 1428 890 1511 permittente,
914 1428 978 1492 sint
999 1441 1031 1493 et
1044 1429 1138 1506 fiant,
1160 1431 1328 1517 perspicit,
1349 1451 1398 1494 no·

127 1577 147 1603 .·
195 1535 297 1599 titiam
313 1539 423 1599 rerum
442 1544 651 1597 extemmrum
673 1532 812 1596 omnium
829 1553 929 1616 penes
953 1532 1040 1598 illum
1063 1556 1141 1600 esse·
1161 1537 1292 1601 debere.
1312 1536 1394 1599 Nam

196 1641 288 1705 Deus
303 1639 452 1704 libertate
466 1639 614 1724 producit
634 1639 805 1711 universa,
828 1659 909 1723 quae
932 1648 1027 1702 extra
1050 1656 1086 1703 se
1108 1640 1283 1725 profundit.
1312 1638 1398 1703 Nihil

197 1757 304 1809 autem
323 1743 423 1807 libere
443 1744 592 1807 voluntas
609 1742 728 1819 efficit,
751 1743 813 1807 nisi
830 1743 1040 1830 intelligentie
1062 1744 1152 1828 prius
1177 1744 1363 1832 cognitum,
1380 1765 1398 1807 a

164 1927 166 1931 ι
198 1871 260 1935 qua
271 1850 325 1914 illa
341 1849 486 1935 regitur,
509 1860 542 1911 et
557 1849 597 1911 ad
614 1849 774 1935 agendum
792 1848 883 1933 quasi
899 1848 1078 1932 impellitur.
1101 1850 1308 1935 Quapropter
1332 1870 1403 1915 eum

198 1955 275 2019 nihil
291 1955 352 2030 sit,
375 1974 493 2018 esseve
511 1953 624 2038 possit,
644 1953 706 2017 nisi
722 1975 740 2017 a
759 1955 828 2017 Deo
843 1966 876 2017 et
894 1974 937 2017 ex
950 1955 1021 2038 ejus
1045 1954 1180 2018 scientia
1195 1952 1350 2020 effectum
1368 1974 1407 2018 ac

199 2060 382 2125 conditum:
404 2058 481 2121 nibil
498 2069 549 2121 est
574 2057 718 2132 omnino,
741 2059 825 2144 quod
847 2080 910 2121 non
937 2058 989 2122 ille
1008 2072 1201 2145 cognoscet,
1224 2059 1296 2124 sive
1310 2079 1403 2144 prae·

200 2187 293 2240 sens,
317 2165 387 2229 sive
400 2163 628 2247 praeteritum,
651 2163 722 2227 sive
738 2163 907 2249 aliquando
923 2162 1070 2227 luturum.
1093 2164 1198 2228 Porro
1215 2164 1280 2229 Dei
1299 2167 1406 2230 scien-

200 2271 261 2346 tia,
283 2281 393 2355 utpote
420 2267 674 2352 perfectissima,
706 2268 744 2331 ad
766 2288 893 2331 omnem
913 2288 983 2330 rem
1012 2269 1266 2356 cognoscibilem
1290 2291 1328 2334 se
1351 2290 1408 2333 ex-

201 2376 333 2439 tendere
360 2374 474 2443 debet;
496 2383 528 2436 et
551 2384 642 2436 certe
674 2394 737 2436 non
763 2384 884 2436 tantum
912 2373 1115 2456 praesentia,
1139 2374 1199 2437 sed
1221 2386 1255 2439 et
1269 2387 1403 2460 praete·

201 2480 280 2554 rita,
304 2490 399 2563 atque
414 2476 509 2541 etiam
525 2476 647 2551 lutura,
671 2488 703 2540 et
719 2476 846 2561 (pridem
864 2497 928 2540 non
944 2476 1048 2541 solum
1064 2477 1268 2554 necessaria,
1291 2500 1404 2543 verum

202 2585 303 2648 libera
326 2602 452 2668 quoque
477 2602 514 2644 ac
541 2580 762 2668 contingentia
789 2593 863 2644 sunt
886 2581 918 2644 in
936 2602 1058 2668 genere
1075 2603 1203 2659 rerum,
1228 2604 1312 2669 quae
1329 2583 1404 2649 sciri

201 2699 234 2752 et
249 2687 405 2775 cognosci
420 2696 574 2771 possunt3
598 2697 630 2749 et
643 2685 731 2759 ideo,
753 2698 849 2770 prout
868 2683 930 2761 illa,
950 2686 1042 2750 itaet
1057 2687 1139 2752 haec
1160 2687 1291 2752 divinae
1306 2689 1403 2754 menti

201 2815 330 2878 semper
347 2792 530 2877 praesentia
550 2790 613 2854 siut
656 2812 793 2856 necesse
816 2803 876 2855 cst.

283 2900 337 2965 Ex
364 2899 479 2987 quibus
504 2919 599 2983 porro
630 2899 716 2962 clare
741 2898 922 2985 colligitur,
945 2897 1051 2961 Deum
1078 2920 1141 2963 non
1164 2898 1212 2965 sic
1229 2896 1300 2976 illa,
1324 2920 1401 2986 quae

202 3009 285 3095 apud
300 3028 359 3070 nos
377 3015 450 3067 sunt
469 3002 657 3067 differentiis
668 3003 824 3088 temporis
842 3003 1008 3076 distracta,
1030 3003 1164 3079 intueri,
1186 3016 1222 3067 ut
1236 3025 1277 3069 ea
1290 3006 1400 3070 eodem

203 3113 317 3185 modo,
339 3120 434 3194 prout
452 3130 531 3182 nos,
554 3121 650 3193 atque
667 3107 781 3172 iisdem
794 3107 1001 3181 differentiis,
1025 3107 1138 3193 quibus
1162 3120 1237 3171 suut
1264 3108 1403 3194 implica·

202 3229 254 3298 ta,
282 3214 448 3301 intelligat.
478 3213 560 3291 Quin
588 3213 694 3297 potius
719 3212 842 3288 omnia,
865 3212 935 3275 sive
977 3212 1168 3298 praeterita,
1199 3214 1271 3278 sive
1302 3214 1405 3279 futura

203 3333 351 3406 tanquam
376 3318 561 3403 praesentia
599 3317 782 3405 cognitione
817 3317 967 3402 simplici,
1001 3328 1133 3381 aeterna
1161 3330 1259 3404 atque
1297 3340 1404 3384 rerum

203 3424 408 3490 existentiam
435 3436 612 3510 praeeunte
647 3442 685 3488 ac
715 3423 967 3498 determinante,
999 3425 1143 3508 adeoque
1167 3423 1356 3489 certissima
1369 3445 1404 3488 ac

202 3530 394 3606 clarissima,
417 3531 488 3594 sine
503 3531 566 3593 ulla
578 3527 763 3594 confusione
786 3539 818 3591 et
836 3528 1032 3594 obscuritate
1048 3528 1221 3615 cognoscit
1248 3538 1283 3592 et
1303 3528 1403 3594 cousi·

203 3640 304 3703 derat.
327 3637 420 3714 Quod
434 3636 496 3700 SS.
516 3634 633 3698 Patres
649 3634 783 3718 pulchre
800 3654 838 3698 ac
854 3634 1016 3699 subtiliter
1036 3646 1212 3717 exponunt.
1234 3636 1335 3699 Mene
1359 3637 1406 3697 dr'-

202 3751 295 3818 vina,
318 3742 362 3805 ait
382 3739 620 3824 Dionysius
649 3740 786 3823 Areop„
816 3742 1050 3822 comprehendit
1084 3744 1190 3802 omnia
1229 3746 1408 3821 cognitione

203 3853 340 3929 quadam
357 3851 521 3927 metuenti,
545 3863 609 3925 qua
624 3847 800 3908 secundum
812 3850 979 3925 ipsammet
996 3834 1132 3909 amntem
1153 3865 1290 3908 caueam
1316 3850 1352 3907 in
1374 3865 1406 3907 se

204 3961 341 4016 omnium
358 3957 564 4030 coguitionem
581 3955 750 4032 anticipat,
771 3954 863 4030 prius
882 3972 976 4032 quum
997 3949 1126 4028 Anqett
1142 3955 1261 4031 fierent
1289 3970 1405 4029 ceyna-

200 4103 424 4120 Μ

238 4170 261 4232 ¹)
281 4172 322 4220 De
340 4169 412 4221 civit.
432 4170 467 4219 Β.
486 4171 504 4217 l.
525 4169 553 4219 5.
573 4182 597 4215 c.
618 4169 643 4214 9.
671 4181 697 4214 n.
725 4168 751 4213 1.
779 4168 808 4216 3.
834 4162 903 4230 0pp.
929 4164 961 4213 Τ.
987 4168 1012 4217 7.
1032 4178 1056 4214 c·
1078 4169 1134 4217 121.
1154 4166 1212 4216 123.
1231 4162 1276 4217 01.
1299 4166 1401 4230 Quaen.

203 4257 609 4322 tepeneems

237 4343 260 4414 ²)
280 4347 421 4399 contenent.
440 4348 469 4397 iu
485 4347 573 4403 Epist.
593 4348 629 4393 ud
654 4345 752 4402 pres.
780 4348 807 4402 1,
831 4349 860 4394 4.
889 4343 959 4409 Opp.
986 4344 1018 4396 Τ.
1044 4348 1069 4395 7.
1087 4357 1113 4396 o.
1131 4345 1192 4396 5b8.
1212 4345 1245 4397 0.
1265 4344 1309 4398 01.
1335 4346 1403 4396 Cant

203 4440 307 4497 Rufft'tt.
325 4443 344 4488 1.
365 4440 394 4488 1.
413 4453 440 4489 n.
461 4437 508 4488 22.
529 4435 559 4484 T·
578 4437 604 4485 2.
623 4449 647 4485 c.
667 4436 726 4484 ¹177.
743 4437 775 4484 ln
791 4436 826 4482 Is.
844 4436 1029 4494 40,27-28.
1048 4434 1081 4484 T.
1099 4433 1123 4482 ll.
1144 4446 1168 4484 c.
1188 4434 1250 4487 det.
1269 4462 1304 4471 —
1322 4434 1404 4486 ΕΗ·
1449 4441 1457 4455 “

206 4540 281 4592 gor.
299 4527 452 4577 dl.Morul.
472 4529 490 4575 l.
511 4528 539 4573 1.
557 4540 582 4573 e.
601 4526 649 4574 20.
668 4540 694 4574 n.
713 4528 762 4575 36.
781 4521 852 4588 0pp.
871 4523 903 4573 Τ.
923 4527 946 4576 t.
965 4539 990 4576 c.
1009 4525 1052 4578 53.
1072 4527 1089 4574 l.
1110 4527 1158 4574 20.
1185 4539 1210 4578 c.
1241 4528 1291 4576 32.
1315 4541 1341 4576 n.
1361 4526 1403 4573 61.
1442 4543 1457 4558 ·

206 4630 232 4671 c.
251 4617 311 4671 ott.
332 4619 350 4670 l.
369 4619 421 4669 25.
440 4630 464 4665 c.
486 4618 513 4666 θ.
531 4630 557 4665 n.
578 4617 626 4665 11.
648 4626 672 4665 o.
692 4615 739 4666 791
758 4627 782 4670 s,
