2926 5168
162 227 206 297 Ν

163 373 305 442 lontibus
319 373 529 442 revelationis
547 373 692 449 divinae,
716 376 773 438 sed
789 386 822 438 et
840 375 1019 439 rationibus
1037 376 1188 450 internis,
1211 397 1271 440 sen
1296 395 1369 460 spe·

162 478 319 553 cutauve,
342 489 377 547 ul
398 479 501 561 ajunt,
525 491 638 543 contra
653 479 861 543 adversarios
875 480 1146 545 demonstrarunt.

246 582 388 661 Quorum
406 582 535 667 scripta,
558 584 621 649 h-uc
640 584 830 669 spectantia,
852 596 940 648 sunt:
965 583 1021 650 Ca
1024 586 1079 669 ji,
1101 587 1192 651 Rom.
1222 585 1370 666 Presby-

161 687 240 763 teri,
263 690 394 756 Parvus
407 688 647 768 Lodyriullms,
670 690 828 754 adversus
841 690 1069 765 Artemonem,
1090 691 1182 773 cujus
1207 700 1313 752 tamen
1335 688 1370 752 li·

163 785 236 856 belli
266 781 394 857 nonnisi
410 791 592 880 lragmenta
612 806 786 879 supersunt
811 802 839 871 ¹)
847 818 863 875 ;
890 794 1166 870 Malchionis,
1199 792 1370 858 Antioche·

165 897 197 962 ni
209 895 417 981 Presbyteri,
438 899 674 977 Dispulallonla
697 922 767 962 oum
788 901 891 962 Paulo
908 908 1123 974 samosateno,
1153 910 1187 962 et
1206 900 1373 976 Epistulae

164 1004 347 1083 Synodicae
363 1001 559 1088 fragmenta,
572 1003 614 1067 ab
631 1002 777 1067 Eusebio
794 1015 827 1067 et
841 1003 978 1067 Leontio
993 1001 1176 1090 Byzantino
1193 1001 1286 1066 nobis
1302 1021 1370 1064 ser·

98 1123 103 1132 '
165 1117 240 1172 vata
259 1105 310 1189 ²);
330 1105 606 1170 Tertulliani
624 1109 784 1171 Adversus
802 1112 1025 1188 Pramum„
1046 1105 1265 1192 Hippolyti
1287 1108 1370 1168 ma-

167 1219 271 1277 ctatm
300 1214 568 1276 contrataeresin
583 1214 696 1287 Nola,
720 1224 752 1277 et
775 1222 885 1276 corrlra
901 1216 1058 1275 Beronem
1070 1221 1102 1275 et
1115 1215 1296 1275 Heliconem
1322 1216 1371 1290 4),·

165 1315 412 1387 Novatiani
441 1319 490 1378 De
507 1322 660 1380 armilata
681 1325 730 1398 ⁶),·
752 1316 950 1400 Dionysii
971 1317 1089 1380 Alex.
1121 1321 1284 1380 Adversus
1304 1316 1371 1378 Sa·

167 1425 295 1483 lollium
316 1429 367 1501 1),·
389 1419 608 1502 Dionysii,
631 1422 723 1486 Rom.
746 1421 947 1496 Pontificis,
962 1426 1106 1502 Epistola
1128 1424 1289 1500 eurycliea
1311 1421 1372 1481 ad·
1448 1504 1450 1510 .

167 1547 282 1590 aereus
303 1527 518 1597 Satelliuooa,
542 1525 581 1588 ad
603 1525 772 1590 Ecclesias
789 1525 1009 1612 Aegyptiacus
1026 1526 1101 1589 data
1122 1537 1172 1606 '],·
1192 1523 1372 1588 Eusebii

167 1627 479 1699 Caesareensis
500 1628 579 1694 Ado.
601 1631 791 1693 Marcellum
813 1634 885 1692 titre·
907 1632 953 1702 11,
976 1640 1023 1692 lle
1038 1634 1257 1692 ecclesiarlira
1277 1632 1373 1692 roeo·

43 1728 48 1736 ”
97 1741 99 1745 ’
168 1737 256 1812 lupia.
274 1737 347 1798 libri
367 1735 426 1794 111
442 1736 484 1812 ⁸),
508 1742 540 1795 et
560 1733 655 1797 biart
672 1737 713 1797 11
723 1745 793 1797 odo.
818 1737 988 1796 sabellium
1010 1735 1039 1817 ⁹)
1046 1757 1061 1814 ;
1081 1732 1234 1797 Basilii
1256 1737 1373 1795 Homi-

168 1842 213 1901 ls'a
236 1843 300 1904 24.
323 1845 435 1900 contro
457 1837 681 1918 Sabellianoo,
705 1851 738 1901 et
767 1839 898 1919 Arium,
922 1850 953 1900 et
978 1839 1156 1902 Aoomoeoa
1179 1837 1240 1920 ¹⁰),
1271 1848 1369 1922 atque

168 1945 315 2022 Epistola
342 1942 440 2015 210,
462 1941 503 2006 ad
524 1940 691 2006 Primores
713 1942 964 2006 Neocaesareae
987 1955 1120 2006 exarata
1145 1942 1183 2027 ¹¹)
1193 1966 1209 2022 ,·
1230 1941 1376 2006 auctoris

169 2045 283 2112 incerti
305 2047 405 2112 Liber
425 2055 536 2110 aonlru
557 2050 688 2110 sabellii
713 2049 862 2125 propales
886 2047 948 2129 ¹²),·
970 2058 1003 2111 et
1029 2047 1234 2133 Gregorii
1254 2047 1287 2109 N
1294 2067 1376 2129 yss.

169 2159 281 2218 Sermo
303 2154 374 2214 ado.
395 2142 512 2214 Arium
534 2161 566 2215 el
585 2153 761 2215 Sabellium
783 2151 836 2234 ¹³),

254 2256 337 2321 Cura
351 2255 500 2320 haeresis
518 2254 826 2320 Antitrinitariorum
850 2257 987 2321 nondum
1007 2269 1096 2320 essct
1116 2256 1296 2320 exstincta:
1316 2254 1379 2319 alia

167 2359 257 2429 intuto
279 2361 404 2427 saeculi
422 2361 489 2436 lv,
520 2371 553 2422 et
579 2359 706 2444 quidem
735 2380 777 2424 ex
804 2380 843 2423 ea
870 2360 942 2443 ipsa
963 2362 1112 2435 manavit,
1135 2359 1277 2424 omnium
1300 2361 1379 2425 huc·

112 2528 114 2532 .
166 2486 269 2550 usque
300 2462 622 2537 formidolosissima,
655 2463 734 2527 Ario
766 2475 908 2528 auctore.
949 2464 1011 2542 Qui
1040 2465 1138 2550 impio
1168 2485 1226 2528 ore
1259 2466 1379 2549 ajebat,

172 2569 236 2634 Dei
256 2570 401 2637 Verbum
423 2589 491 2633 non
509 2587 641 2651 semper
671 2567 790 2641 luisse,
819 2568 877 2631 sed
908 2588 952 2631 ex
980 2568 1078 2633 nihilo
1101 2570 1219 2634 lactum
1242 2590 1319 2634 esse
1342 2590 1380 2634 ac

174 2685 339 2749 creatum,
369 2693 431 2737 non
455 2683 631 2746 aeternum,
655 2692 757 2757 neque
786 2673 932 2755 ejusdem
953 2692 1025 2738 cum
1047 2675 1145 2738 Patre
1167 2675 1381 2742 substantiae.

174 2778 300 2847 Similia
333 2778 384 2843 his
417 2778 458 2841 de
487 2776 612 2861 Spiritu
643 2778 885 2841 §.statuebant
915 2778 1141 2842 Macedoniani
1173 2779 1299 2854 deinde,
1335 2799 1379 2845 ex

174 2882 305 2950 Arianis
327 2883 550 2967 procedentes.
582 2876 727 2955 Primus,
757 2880 809 2966 qui
835 2902 938 2945 novae
966 2881 1095 2947 haeresi
1118 2903 1193 2947 seso
1217 2886 1381 2968 opposuit,

176 3000 248 3053 erat
267 2988 507 3053 Alexander
528 2986 858 3061 Alexandrinus,
884 2997 995 3069 utpote
1021 2987 1074 3071 qui
1102 2987 1134 3051 vi
1156 2988 1302 3053 muneris
1333 2989 1382 3051 sui

176 3092 310 3174 Arium,
332 3093 374 3159 ad
394 3090 650 3176 resipiscendum
671 3089 793 3154 frustra
815 3090 1021 3165 admonitum,
1044 3092 1248 3157 anathemate
1270 3114 1383 3179 percu.b

178 3199 214 3262 lit
235 3195 457 3290 deposuitque,
480 3206 575 3279 atque
592 3195 734 3280 reliquos
757 3194 938 3279 Episcopus
968 3215 1007 3260 ea
1028 3196 1068 3259 de
1090 3217 1127 3260 re
1148 3196 1265 3260 litteris
1287 3189 1384 3281 ency-

174 3302 270 3368 clicis
299 3300 459 3366 certiores
487 3298 572 3364 iecit.
604 3299 743 3363 Exstant
772 3300 843 3381 ejus
874 3299 1050 3365 hodiedum.
1077 3302 1181 3365 adhuc
1211 3303 1383 3367 nonnudlae

179 3459 423 3474 m

213 3520 236 3581 ¹)
255 3521 287 3570 ln
307 3514 480 3570 Galland.
498 3513 640 3566 Btoitotn.
658 3528 703 3568 vr.
722 3516 777 3567 1²1².
794 3516 826 3568 Τ.
842 3519 868 3568 2.
889 3531 912 3582 p.
937 3517 1082 3570 aul-aot.

212 3600 580 3668 ’mammam

212 3689 652 3762 ³quupmnm

212 3783 237 3850 4)
256 3786 287 3836 ln
306 3780 478 3835 Gallaud.
496 3778 631 3832 Biblioth.
649 3791 695 3828 vv.
709 3779 765 3833 PP.
787 3781 817 3830 Τ.
836 3781 862 3829 2.
883 3792 908 3842 p.
927 3779 1071 3832 cst-tra.

213 3868 626 3935 ommapmnm

210 3956 457 4028 &woffo

210 4050 234 4118 ⁷)
253 4050 295 4102 lb.
314 4065 342 4116 p.
356 4049 500 4100 538-510.
518 4047 551 4096 ln
568 4039 689 4096 Manui
704 4038 774 4091 (toll.
791 4038 875 4090 conc.
890 4038 921 4092 Τ.
941 4049 964 4092 1.
984 4055 1007 4093 c.
1025 4043 1199 4092 1011-1016,

209 4136 234 4202 ⁸)
251 4142 419 4191 Demonstr.
434 4138 542 4199 Evang.
559 4135 637 4185 sect.
652 4131 680 4180 2.
695 4142 722 4192 p.
740 4128 848 4180 l-tttl.
966 4178 969 4184 ,

209 4226 233 4294 ⁹)
249 4229 281 4279 ln
296 4225 431 4278 Biblioth.
451 4237 525 4276 max.
543 4222 600 4272 PP.
616 4216 747 4284 Lugdun.
763 4217 796 4268 Τ.
810 4216 835 4270 lt.
852 4230 877 4283 p·
894 4218 977 4270 2-9..

119 4343 121 4347 ·
211 4313 249 4383 ⁸⁰)
267 4316 339 4382 0pp.
355 4317 462 4380 ¹1¹.2.p
491 4312 633 4365 189-197.

212 4403 550 4471 ᾞπιμωήω

211 4487 247 4556 ¹²)
263 4496 342 4546 inter
356 4508 420 4561 opp.
436 4493 504 4544 Ath
514 4504 613 4543 anas.
628 4486 661 4538 T·
677 4485 702 4536 2.
719 4498 746 4549 p.
761 4483 873 4535 sr-ls.

214 4577 249 4650 ¹³)
268 4585 300 4636 ln
317 4586 404 4649 Aug.
423 4585 479 4636 Ma
485 4581 514 4647 ji
534 4579 607 4632 (loll.
628 4588 694 4628 nov.
708 4586 752 4626 vv.
769 4571 886 4638 Suriptt.
901 4569 935 4634 V.
950 4572 975 4623 8.
992 4569 1025 4621 P.
1039 4573 1064 4622 2.
1077 4585 1103 4638 p.
1121 4575 1193 4625 1-9.
