2926 5168
139 365 280 440 fades
299 366 480 424 nieorum
502 369 543 423 et
560 369 819 427 mortuorum
847 362 883 446 ¹).
916 359 952 427 in
974 361 1095 428 Christi
1118 365 1247 431 nomine
1267 368 1353 433 deni·

146 485 208 550 qrre
230 464 382 530 miracula
404 476 532 550 patrant
554 466 599 539 ²),
622 465 684 550 ipsi
699 466 876 532 merientes
897 487 933 532 se
952 470 1179 535 eornmendant
1199 479 1243 552 ³),
1268 492 1353 536 enin·

144 591 208 656 qne
229 588 306 637 esse
328 572 464 646 docent,
486 569 537 636 cui
558 571 715 637 debeatur
733 577 893 651 pluria.
925 585 965 637 et
984 579 1199 656 imperium
1219 581 1256 639 in
1275 598 1353 641 au·

142 679 220 741 ruta
240 684 439 743 namtarum
460 684 498 752 4).

230 783 397 846 Observ.
420 787 447 849 1.
478 785 595 845 Verum
614 785 687 845 licet
711 786 807 845 Filius
832 787 890 845 Dei
914 804 967 846 seu
987 789 1084 849 desua
1104 788 1246 851 Christus
1264 793 1353 851 unius

139 894 185 951 sit
208 900 335 951 naturae
356 909 393 950 ae
414 891 602 951 substantiae
623 908 690 949 eum
712 890 822 959 Putre,
854 900 944 968 atque
973 911 1066 970 aeque
1098 910 1136 955 ae
1156 899 1248 957 Pater
1269 900 1353 957 Deus

136 998 234 1057 vivus
258 1005 288 1055 et
309 1010 423 1059 uerus:
445 1005 545 1072 potest
569 1005 667 1055 tannen
688 998 772 1055 Deus
794 996 902 1063 Pater,
925 998 1065 1073 queniam
1088 1000 1183 1059 Filius
1206 1010 1236 1059 at
1258 1002 1353 1077 Spiri-

133 1111 193 1160 tus
223 1101 256 1160 8.
288 1101 326 1161 al
355 1102 422 1177 ipsu
450 1098 624 1177 precedunt,
653 1109 742 1176 utque
772 1118 841 1159 eum
870 1101 921 1159 illo
951 1119 1042 1159 unum
1070 1112 1164 1173 sunt,
1187 1107 1272 1165 sulus
1294 1124 1354 1165 nna

127 1208 211 1267 lucu
232 1206 304 1264 Filii
325 1214 355 1264 et
376 1206 510 1282 Spiritus
539 1202 573 1269 S.
601 1206 687 1281 puni,
711 1206 877 1281 praecipua
908 1206 960 1265 uiri
980 1225 1040 1266 nen
1062 1209 1171 1268 relatio
1193 1211 1294 1271 Patris
1316 1211 1353 1269 ud

123 1311 253 1369 Filium
275 1319 326 1370 aut
348 1310 497 1386 Spiritum
515 1310 559 1377 S..
581 1309 634 1369 aed
657 1311 715 1368 Dei
738 1309 774 1368 ad
796 1328 848 1367 res
871 1319 991 1370 creatus
1013 1315 1187 1390 respicitur,
1210 1316 1259 1375 rel
1280 1334 1352 1376 veru

123 1413 190 1474 hie
222 1415 311 1473 falsis
340 1414 398 1472 diis
429 1416 599 1491 opponitur.
629 1413 694 1487 Quo
722 1432 815 1474 sensu
838 1415 1070 1477 Christus
1103 1419 1227 1479 Patrem
1255 1423 1353 1481 sulum

120 1524 243 1582 Deum
263 1538 370 1579 rerum
390 1519 473 1588 dieit,
495 1538 586 1596 quum
607 1522 665 1580 ait:
692 1519 782 1580 Haeo
814 1526 861 1581 ert
885 1523 950 1580 vita
971 1527 1121 1583 aurun:
1159 1520 1204 1585 Ut
1231 1542 1352 1599 reyno-

119 1628 239 1685 κακέ
257 1629 309 1700 le,
329 1623 464 1684 colum
484 1623 605 1686 Deum
625 1643 780 1697 narum,
808 1631 839 1684 el
868 1643 960 1704 quem
988 1630 1103 1687 musti
1122 1632 1235 1689 Jeeum
1259 1628 1353 1688 Giri-

119 1734 246 1800 aetnma,
276 1730 297 1787 i.
321 1748 347 1788 e.
368 1729 398 1789 id
420 1730 456 1789 ad
486 1748 592 1789 veram
620 1732 749 1789 sulutem
771 1729 909 1789 hemines
931 1730 1032 1801 duuit,
1058 1742 1091 1791 ut
1121 1733 1263 1804 eradant,
1293 1751 1352 1793 non

125 1837 257 1895 multus
278 1834 370 1903 deos,
401 1834 457 1893 sed
478 1844 508 1894 te
528 1812 668 1904 Patrem,
699 1853 817 1894 meeum
845 1843 875 1895 et
903 1835 1022 1911 Spiritu
1055 1838 1088 1899 S.
1118 1856 1226 1907 unum,
1255 1840 1353 1898 solum

129 1960 214 2002 esse
235 1959 341 2000 uerum
363 1943 477 2012 naum,
507 1951 537 2000 et
568 1937 659 2001 simul
689 1949 873 2019 agnuscant,
896 1959 984 2017 quern
1013 1942 1143 2013 misisti,
1175 1961 1222 2001 me
1243 1944 1352 2003 Titium

135 2054 236 2114 tuum,
259 2044 410 2105 huminum
433 2046 566 2114 lactura,
589 2047 944 2123 Mnasiampromissum.
966 2046 1179 2108 Redemturern
1194 2047 1296 2107 mundi
1315 2043 1351 2127 ⁵).

137 2153 247 2227 ltaque
279 2150 383 2209 verbis
414 2151 478 2209 illis
505 2150 726 2211 multitudinem
756 2151 995 2211 srrbstantiarunr
1026 2149 1216 2221 divinarum.
1243 2170 1351 2229 nequa·

141 2272 232 2331 pum
252 2262 353 2313 autem
373 2255 540 2317 trinitatum
558 2256 727 2315 divinarunt
744 2274 953 2332 personarum,
976 2263 1028 2315 eut
1051 2273 1140 2315 suam
1166 2264 1196 2316 et
1218 2258 1352 2333 Spiritus

143 2362 175 2418 S.
205 2358 393 2419 divinitatum
423 2369 524 2437 negat.
551 2393 592 2404 -
621 2360 721 2421 simili
751 2377 842 2418 sensu
868 2359 1018 2419 Paulus
1042 2378 1134 2420 unum
1164 2379 1233 2420 essa
1254 2364 1352 2421 Deum

142 2465 266 2525 Patrem
295 2465 348 2532 ait,
370 2464 438 2523 dum
467 2466 591 2526 scribit:
614 2464 716 2526 Nobis
736 2469 843 2524 amma
877 2483 981 2550 unua
1002 2473 1064 2524 est
1082 2464 1193 2527 Deua
1214 2467 1352 2537 Pater,

142 2589 185 2631 ex
207 2587 269 2648 quo
290 2570 406 2640 omnia,
428 2575 461 2628 et
478 2588 539 2631 noa
559 2571 720 2633 inillam:
742 2575 773 2630 et
791 2588 877 2631 artua
897 2569 1177 2631 Demittendum
1192 2569 1352 2641 Uiriatus,

139 2692 198 2750 per
220 2691 312 2752 qm
332 2676 456 2743 mnia.
489 2681 520 2735 et
539 2694 675 2754 uesper
696 2678 801 2752 ipsum
822 2672 860 2755 ⁶).
883 2677 959 2734 tuan
981 2676 1077 2735 etiam
1098 2675 1148 2733 hie
1180 2677 1286 2737 dictio:
1310 2668 1353 2746 εἷς

141 2777 225 2850 θεὸς,
249 2779 287 2840 ad
302 2782 409 2850 Deum.
432 2791 579 2858 quatenus
599 2783 765 2842 Gentilium
783 2783 943 2857 opponitur
961 2781 1030 2849 diis,
1052 2800 1237 2859 nequaquam
1253 2793 1352 2843 autem

141 2896 291 2962 qnatenus
307 2887 470 2962 opponitur
491 2889 570 2946 Filia
594 2897 624 2947 et
648 2888 776 2964 Spiritui
800 2887 846 2956 S..
863 2888 1015 2956 refertur,
1038 2887 1096 2947 hee
1117 2906 1228 2949 sensu:
1257 2890 1351 2948 Nebis

141 3000 256 3049 tanturn
279 3008 356 3050 unus
378 3001 424 3049 est
447 2994 541 3061 Deus.
564 2995 613 3068 qui
630 3003 677 3053 est
698 2993 799 3060 Pater,
823 3011 890 3051 eum
912 2993 989 3052 Filio
1015 3002 1044 3050 et
1068 2993 1237 3068 Spiritus.
1262 3012 1350 3053 uuum

141 3097 270 3164 Numen,
293 3113 387 3172 eque
406 3097 505 3156 omnia
525 3099 674 3174 originem
692 3116 776 3158 suem
797 3105 945 3173 repetunt.
967 3099 1114 3173 Loquitur
1138 3098 1217 3159 enim
1237 3099 1351 3157 Paulus

141 3201 258 3259 diserte
287 3201 317 3257 in
357 3219 427 3258 mex
458 3203 708 3279 praecedentibus
737 3204 774 3262 de
800 3204 860 3271 iis,
892 3203 942 3279 qui
966 3203 1043 3279 apud
1079 3203 1218 3263 Gentiles
1249 3202 1290 3261 dii
1323 3212 1353 3261 et

140 3305 255 3364 domini
277 3304 472 3365 habebantur.
493 3303 579 3366 Nau
601 3311 673 3387 etsi,
694 3309 809 3385 inquit,
831 3317 924 3378 runt,
946 3307 1169 3386 predicantur
1189 3307 1250 3379 dii,
1281 3310 1349 3367 aire

176 3535 403 3600 umen

174 3619 200 3688 ²)
219 3627 284 3677 Aet.
301 3626 328 3686 ³,
345 3625 373 3678 6.
391 3627 416 3678 7.
436 3628 469 3678 12
487 3639 532 3679 se.
550 3627 575 3686 4,
594 3627 635 3678 ld.

173 3705 421 3779 nunnus

174 3799 200 3868 ⁶)
221 3806 244 3854 t.
262 3803 343 3854 Petr.
361 3804 387 3865 4,
407 3806 447 3858 tl.

175 3889 199 3959 ⁵)
219 3892 264 3946 Cf.
281 3892 459 3943 Athenas.
487 3896 531 3946 Or.
551 3897 578 3944 3.
597 3904 667 3945 rona
685 3895 779 3945 Ariun.
798 3910 825 3945 n.
845 3898 873 3945 3.
900 3892 973 3959 0pp.
1002 3892 1034 3946 T.
1055 3895 1079 3945 1.
1097 3895 1131 3946 Ρ.
1152 3894 1176 3944 1.
1194 3903 1222 3958 lt.
1240 3892 1300 3947 558.
1317 3916 1351 3930 ·-

140 3981 327 4049 Epipheu.
343 3986 428 4035 Hner.
448 3986 498 4034 ⁶9.
515 3999 542 4035 n.
559 3984 606 4034 32.
623 3982 691 4049 opp.
711 3984 746 4036 T.
764 3986 787 4038 1.
805 3999 832 4050 p.
849 3985 909 4034 754.
928 3988 1024 4036 Aenon
1044 4000 1069 4035 a.
1087 3985 1117 4035 2.
1136 3981 1168 4034 Τ.
1186 3983 1211 4034 2.
1229 3996 1256 4048 p·
1274 3984 1299 4032 7.
1318 4009 1351 4019 -

143 4070 392 4136 Gregorilaz.
413 4074 455 4122 Or.
474 4075 524 4124 36.
543 4072 613 4139 Opp.
633 4074 666 4133 T.
687 4076 710 4125 l.
738 4087 763 4128 e.
789 4075 847 4128 519.
866 4070 1037 4126 -Basil.
1057 4076 1131 4124 conr.
1151 4074 1266 4129 Eunoen.
1285 4077 1301 4122 t.
1319 4076 1350 4124 4.
1385 4130 1388 4145 Ι

142 4164 268 4214 taloan.
288 4163 343 4222 17,
369 4159 494 4226 3.'0pp.
520 4162 553 4212 T.
584 4163 606 4213 l.
632 4176 659 4227 p.
683 4163 740 4213 we.
759 4191 792 4201 -
819 4162 951 4229 cyrill.
969 4162 1068 4215 alex.
1089 4164 1165 4215 Tte'r.
1184 4165 1282 4218 desert.
1302 4166 1351 4214 21.

143 4251 213 4317 opp.
231 4249 262 4299 T.
279 4250 305 4302 4.
322 4249 356 4303 Ρ.
376 4252 401 4302 1.
421 4263 447 4315 p.
465 4252 525 4303 247.
545 4279 578 4288 -
596 4251 1018 4312 unumunurm.
1039 4257 1067 4306 t.
1088 4249 1350 4317 n.18-'-au.0pp.

142 4342 176 4393 T.
194 4340 221 4392 2.
239 4352 264 4389 e.
282 4339 343 4389 554.
361 4366 394 4376 -
412 4338 528 4392 Hilar.
546 4345 586 4393 De
606 4345 700 4394 Trinie.
719 4346 737 4394 l.
757 4347 782 4393 9.
802 4356 829 4395 n:
846 4347 886 4395 28
905 4361 940 4395 rr.
960 4340 1030 4409 0pp.
1049 4342 1083 4395 Τ.
1101 4341 1126 4393 2.
1145 4353 1170 4395 e.
1187 4341 1242 4393 atu
1257 4353 1298 4390 ss.
1317 4366 1350 4376 -

143 4428 338 4494 Augustin.
365 4431 440 4480 Coat.
466 4444 546 4480 serm.
571 4433 667 4483 Artrrn.
696 4447 719 4482 c.
751 4435 778 4485 t.
805 4430 968 4496 Opp.T.8.
988 4432 1092 4487 udzi.
1112 4430 1349 4486 Contaminata.

144 4525 161 4572 l.
181 4516 584 4572 2.c.16.n.4.1b.e.rtt
604 4533 628 4570 a.

174 4599 199 4676 ⁶)
220 4608 233 4660 l
251 4606 317 4661 (ier.
334 4609 359 4674 0,
376 4608 401 4658 ο.
