2926 5168
247 397 566 480 subsistentia,
596 398 707 481 τρόπος
735 403 787 481 πῆς
820 395 993 482 ὑπάρξεως,
1023 412 1077 464 est
1101 398 1281 468 existentia
1304 401 1366 464 suh·

163 501 317 577 stantiae,
340 506 399 571 aas
414 503 612 590 dimit.
644 506 705 571 bot
731 504 1039 588 [insidentesque.
1074 524 1135 591 qua
1159 506 1244 572 haec
1269 505 1367 594 singu·

165 605 259 681 tais,
282 609 459 692 completa,
482 619 517 673 et
530 607 603 674 ideo
625 608 718 674 alteri
732 609 1040 675 incommunicabilis
1063 610 1231 685 redditur;
1261 609 1366 675 deinde

164 723 274 776 autera
311 712 394 779 hanc
428 713 531 799 ipsam
569 713 784 803 singularem,
824 716 1017 800 completam
1050 726 1084 779 et
1117 715 1211 781 alteri
1255 715 1367 781 incon·

165 816 387 883 munisebilem
428 819 640 884 substantiam
679 806 842 907 significat
852 867 865 902 ,
897 840 960 907 quo
989 841 1088 886 sensa
1106 819 1192 886 idern
1217 842 1258 889 ac
1284 843 1367 912 sup·

165 922 358 1008 positam
382 939 442 991 est.
559 960 561 967 ι

250 1031 541 1117 Suppositum
563 1031 669 1118 itaque
689 1043 740 1096 est
761 1031 1024 1109 substantia,
1048 1053 1107 1099 sea
1122 1045 1238 1099 natura
1256 1055 1318 1122 per
1339 1056 1393 1100 se

167 1135 370 1217 subsistens,
392 1158 456 1202 non
477 1138 530 1202 alii
550 1149 702 1223 tanquam
731 1139 877 1229 subjecto
908 1137 1102 1217 inhaerens,
1132 1138 1375 1231 singulari
1395 1165 1407 1206 s

166 1259 211 1305 ac
232 1241 270 1311 ia
285 1238 472 1320 dividua,
495 1244 516 1308 i.
537 1264 566 1309 e.
588 1265 651 1308 non
667 1243 812 1329 pluribus
832 1243 1026 1322 communis,
1063 1256 1159 1332 atque
1195 1249 1414 1332 completa,

168 1344 350 1430 miseratis,
373 1348 394 1413 i.
417 1369 444 1413 e.
468 1370 531 1413 non
547 1348 707 1413 destinata
720 1368 791 1413 cum
814 1349 917 1415 altera
934 1350 976 1413 ad
993 1349 1124 1416 tertium
1139 1349 1269 1437 aliquod
1293 1373 1420 1422 cona·

167 1454 349 1537 ponendum
367 1474 426 1518 eeu
440 1453 718 1529 constituendum,
742 1465 774 1518 et
790 1453 864 1519 ideo
883 1454 936 1518 alii
953 1465 1104 1540 tanquam
1135 1456 1307 1541 supposito
1328 1457 1352 1522 i
1397 1485 1422 1526 n·

168 1559 426 1625 communica
438 1560 476 1624 bi
489 1558 564 1634 lis,
587 1579 646 1623 seu
660 1571 751 1625 certo
771 1557 985 1632 subsistendi,
1008 1560 1060 1625 vel
1073 1579 1132 1644 per
1149 1580 1187 1624 se
1213 1561 1422 1633 existenti

168 1665 267 1728 modo
284 1665 505 1730 determinata.
695 1732 696 1736 ,

252 1768 460 1843 Persona,
492 1769 673 1853 προσώποπ,
703 1767 869 1843 ὑπόστασις
876 1817 885 1847 ,
920 1769 1118 1852 ὖφισσαμίσοπ
1159 1770 1291 1835 tandem
1331 1789 1419 1840 est

169 1875 427 1960 suppositum
449 1874 686 1951 rationale,
712 1895 772 1940 seu
793 1874 1057 1961 suppositum
1079 1875 1316 1941 intellectu
1382 1893 1415 1944 et

169 1979 393 2043 voluntate
415 1979 667 2064 praeditum,
686 1981 830 2066 adeoque
853 1978 930 2055 sui,
952 1978 1164 2065 etquidem
1180 1991 1408 2068 tanquam

168 2081 281 2147 finis
310 2084 349 2147 in
383 2105 428 2148 se
459 2083 691 2170 (wislam),
725 2096 761 2148 ut
803 2085 901 2170 ajunt,
940 2082 1156 2150 conscium
1179 2093 1218 2162 ¹).

253 2187 290 2251 Si
304 2190 373 2272 jam
382 2189 504 2254 haecce
516 2209 677 2274 personae
696 2187 872 2273 descriptio
884 2189 1050 2254 doctrinae
1066 2188 1267 2267 Catholicae,
1287 2193 1397 2275 juxta

170 2312 268 2378 quam
277 2303 347 2359 tres
364 2292 492 2359 atvnae
508 2294 623 2359 dantur
639 2314 800 2378 personae
818 2293 951 2358 realiter
969 2292 1140 2360 distinctae
1148 2340 1163 2375 ,
1193 2296 1387 2361 adcormno·

171 2398 283 2463 datar:
305 2397 529 2483 consequitur,
553 2398 616 2463 tria
642 2399 711 2463 dari
734 2398 766 2462 in
784 2396 900 2463 divinis
931 2396 1099 2484 supposita
1114 2397 1333 2489 intelligentia
1360 2412 1385 2464 et

170 2500 327 2578 volentia,
350 2522 369 2566 a
391 2502 583 2567 seinvicem
600 2502 761 2577 distincta,
782 2514 924 2568 attamen
938 2522 1140 2588 nequaquam
1154 2522 1223 2569 ase
1242 2504 1376 2570 invicem

170 2606 327 2690 sejuncta.
350 2607 557 2692 Quapropter
575 2609 657 2672 liene
679 2620 731 2672 est
755 2609 1000 2681 attendendum,
1030 2627 1071 2672 ne
1100 2608 1199 2676 etiarn
1224 2609 1275 2685 id,
1296 2609 1372 2696 quod

170 2731 330 2798 personae
341 2710 373 2776 in
393 2712 513 2776 creatis
534 2714 697 2787 adhaeret,
720 2725 755 2778 ut
768 2712 892 2779 scilicet
906 2733 969 2777 non
986 2724 1111 2778 tanturn
1125 2715 1365 2784 subsistentiam,
1458 2791 1459 2798 ρ

171 2818 230 2882 sed
247 2828 281 2880 et
301 2817 511 2882 substantiam
530 2818 592 2883 sibl
612 2818 705 2885 unice
717 2820 881 2906 propriam
903 2820 1038 2896 habeat,
1060 2820 1092 2884 in
1120 2841 1279 2906 personas
1303 2816 1363 2884 divi·
1454 2843 1459 2899 p

170 2947 230 2993 nas
250 2924 487 3012 transferatur3
510 2947 607 3011 quum
629 2927 690 2991 hae
710 2926 922 2992 substantiam
949 2946 1010 2992 seu
1039 2922 1217 2991 essentiam
1244 2926 1360 2991 mainan

171 3053 374 3099 commanem
390 3044 422 3097 et
438 3031 658 3097 indistinctam
674 3031 821 3096 haheant.
844 3035 926 3129 Sunt
952 3031 1060 3119 itaque
1075 3044 1145 3098 tres
1161 3052 1317 3118 personae
1334 3025 1356 3091 iu

170 3140 261 3215 Deo,
284 3139 313 3203 sl
329 3137 542 3203 substantiam
559 3136 699 3202 divinam
717 3136 749 3201 in
765 3135 913 3202 omnibus
927 3139 1060 3204 eandem
1080 3149 1187 3211 mente
1210 3138 1358 3205 subtram·
1448 3136 1459 3228 ‘¹

171 3244 235 3323 ris,
256 3257 324 3309 tres
344 3244 465 3309 diversi
480 3242 677 3308 subsistendi
693 3241 796 3316 modi,
822 3241 1035 3328 (Paternitas,
1062 3242 1190 3309 Filiatiu
1218 3256 1251 3309 et
1272 3240 1360 3327 spira·

172 3349 242 3426 tiol,
257 3349 311 3435 qui
323 3360 437 3413 nostra
450 3348 614 3436 cogitandi
629 3345 756 3412 ratione
773 3346 836 3433 ipsi
855 3345 982 3411 divinae
1005 3348 1209 3415 substantiae
1230 3361 1360 3435 supervt·
1454 3361 1459 3393 ²

173 3455 240 3521 nire
252 3455 490 3540 concipiuntur,
513 3474 606 3540 quam
625 3450 768 3517 afficiunt
788 3462 820 3515 et
844 3451 1041 3537 singularem
1062 3452 1094 3516 in
1111 3462 1360 3540 unaquaqueper·
1454 3451 1459 3486 ³

172 3582 252 3626 sona
271 3562 426 3636 reddunt,
449 3559 571 3643 reipsa
592 3569 698 3622 autem
714 3558 753 3621 ad
770 3555 907 3621 divinam
925 3568 1085 3632 naturam,
1108 3557 1140 3622 in
1161 3577 1226 3644 qua
1244 3551 1360 3622 nimtta
1453 3548 1459 3571 ⁴

175 3823 205 3873 C.
225 3824 274 3873 96.
293 3818 646 3893 p.336.-Epiplran.
666 3823 810 3873 Ancona.
829 3816 1061 3884 stappae.
1080 3832 1106 3887 p.
1125 3820 1360 3877 tentasset·
1452 3810 1459 3843 '⁴

177 3915 223 3962 79.
241 3911 273 3962 Τ.
294 3913 317 3963 1.
336 3925 364 3977 p.
383 3911 433 3962 796
451 3926 476 3962 s.
495 3936 527 3947 -
546 3906 678 3973 cyrill.
704 3907 803 3959 Alex.
831 3909 925 3959 solut.
949 3910 983 3958 de
1009 3909 1118 3958 lecara.
1144 3922 1170 3959 c.
1190 3911 1239 3960 11.
1258 3896 1358 3974 Ope-T·

174 4003 201 4052 ὅ.
217 4002 250 4054 Ρ.
270 4002 295 4057 1,.
313 4014 342 4067 p.
366 4004 426 4056 teo.
450 4005 479 4052 et
501 4001 537 4051 al.
564 4025 598 4037 -
624 3997 760 4065 cyrill.
786 3995 939 4048 Hieros.
959 3998 1019 4049 Cot.
1038 3999 1067 4047 6.
1085 4011 1112 4048 π.
1132 3999 1160 4048 6.
1181 3999 1209 4050 1.
1230 3998 1278 4050 17.
1293 4008 1318 4061 p.
1331 3986 1358 4039 ll·

174 4095 216 4144 99.
233 4094 277 4143 ild·
296 4088 948 4156 cet.1o.u.24.p.eat.-J.1)amasa.
968 4088 1043 4139 Dlnl.
1062 4101 1085 4136 c·
1104 4088 1157 4136 42.
1175 4084 1248 4153 opp.
1266 4084 1297 4137 T.
1315 4084 1358 4142 tt·

175 4183 218 4234 18.
236 4180 368 4233 -ntaa
387 4179 579 4232 Victoria.
598 4183 638 4231 De
656 4182 783 4230 Haemus.
802 4193 830 4228 π.
857 4180 886 4228 1.
904 4174 934 4226 ln
960 4173 1135 4230 (tallaud.
1152 4173 1225 4226 utet
1240 4165 1358 4227 PM&

175 4284 203 4339 p.
225 4271 282 4322 199.
308 4296 341 4306 -
365 4268 578 4335 Hieronym.
608 4270 694 4328 met.
720 4269 768 4317 11.
793 4269 829 4316 ad
847 4267 956 4316 Damna
977 4281 1003 4317 π.
1021 4267 1051 4316 4.
1070 4262 1141 4330 sspp.
1158 4260 1191 4318 T.
1211 4264 1237 4317 1.
1249 4274 1273 4315 c.
1289 4261 1357 4314 &tf

176 4359 255 4412 cona
279 4358 433 4410 Nicaea.
459 4361 550 4420 seret.
579 4355 719 4418 Menai,
738 4359 808 4408 cett.
828 4357 910 4406 conc.
928 4353 960 4406 T.
978 4356 1005 4408 2.
1023 4367 1048 4406 c.
1065 4354 1126 4404 999.
1151 4379 1186 4390 -
1212 4350 1295 4406 cona.
1316 4347 1357 4399 llo·
1455 4353 1459 4379 ³

152 4461 268 4513 ,man
285 4462 313 4503 a.
330 4449 392 4501 972.
409 4444 454 4501 ΙΙ).
471 4448 505 4500 T.
524 4447 549 4498 3.
568 4461 594 4499 e.
612 4448 670 4498 litt.
688 4446 722 4497 B.

210 4536 237 4602 ¹)
253 4536 296 4591 ct.
313 4535 435 4589 Basilo
452 4540 531 4588 itm.
549 4538 578 4588 ia
595 4537 681 4586 iliud:
699 4537 731 4586 ia
746 4535 834 4593 arins.
852 4539 913 4584 erat
943 4535 1064 4584 Verium.
1081 4548 1107 4584 π.
1127 4533 1155 4582 2·
1173 4525 1245 4600 (ipp.
1264 4528 1294 4584 T.
1309 4529 1358 4593 21,

177 4624 291 4685 mel.
308 4650 340 4667 -
358 4625 486 4685 Potae.
505 4625 525 4683 1.
546 4641 571 4678 c.
590 4630 610 4678 t.
629 4628 658 4681 3.
677 4641 705 4678 c.
721 4626 752 4679 4.
771 4638 798 4693 p.
818 4623 866 4676 191
884 4636 927 4677 ss.
947 4637 971 4674 c.
988 4624 1019 4675 8.
1037 4635 1063 4692 p.
1085 4622 1138 4680 aaa
1155 4634 1199 4677 ss.
