2926 5168
125 402 128 407 .
199 348 298 406 Porro
316 349 434 407 naturis
454 351 671 420 rationalibus,
691 368 768 428 quae
787 360 834 410 est
851 352 987 426 ipsarum
1010 350 1145 421 indoles,
1170 350 1254 410 aliud
1272 368 1328 428 pro

117 470 222 513 esrum
247 454 329 532 fine,
361 454 442 513 aliud
460 470 532 516 vero
551 472 607 531 pro
626 475 728 515 earum
747 455 858 516 merito
877 456 1178 533 convenirepotes13
1200 456 1328 536 ideoque

114 560 255 619 voluntas
275 559 377 619 divina
393 559 453 619 hoc
469 570 614 636 respectu

123 703 127 711 -
198 665 228 728 d
249 665 282 724 in
301 665 488 724 voluntatem
505 666 811 726 antecedentem
828 674 859 724 et
875 674 1206 743 consequentem
1228 667 1327 744 dispe·

114 771 221 829 scitur.
243 770 446 830 Antecede
457 789 503 829 us
525 789 561 830 ea
576 771 688 830 dicitnr
705 774 857 843 volontas,
881 790 939 848 qua
955 772 1042 830 Deus
1056 788 1123 830 rem
1139 773 1240 848 ipsam
1260 790 1326 832 con·

114 876 285 946 siderando,
311 877 462 952 praecisis
487 869 722 952 particularibus
745 876 810 950 elus
828 874 1079 943 circumstantiis,
1109 875 1223 952 aliquid
1247 876 1327 936 reite

113 981 275 1059 cogitatur.
304 979 373 1042 tuti
400 982 557 1040 voluntate
586 1000 611 1039 e.
643 994 674 1057 g.
704 981 770 1039 vult
797 982 882 1038 Deus
913 998 1018 1038 omnes
1048 974 1190 1038 homines
1221 981 1326 1039 salvos

113 1085 242 1145 fieri·—
253 1086 277 1144 c
288 1105 304 1144 ο
314 1099 434 1162 nseqn
444 1099 512 1144 ens
527 1100 601 1143 vero
622 1085 676 1143 iila
694 1085 814 1153 dicitur,
837 1103 894 1161 qua
906 1087 992 1143 Dens
1006 1092 1148 1160 respectu
1163 1082 1271 1144 habito
1293 1084 1327 1143 ad

113 1190 286 1250 nniversam
305 1184 353 1250 rei
372 1190 573 1249 conditionem
596 1191 754 1267 vult,quae
768 1191 795 1248 ei
813 1195 991 1266 congruunt.
1005 1187 1074 1247 Hac
1093 1176 1328 1248 voiuntaternti

112 1298 197 1355 Deus
208 1295 360 1355 hominem
376 1305 567 1372 peccatorem
579 1297 610 1353 in
622 1297 756 1372 peccatis
768 1296 949 1354 morientem
962 1295 1117 1353 damnare.
1127 1326 1165 1339 -
1173 1296 1328 1355 Voiuotas

113 1401 296 1460 antecedens
322 1402 424 1478 itaque
448 1400 603 1477 praecedit
627 1400 849 1476 praevisionem
874 1399 1032 1476 dignitatis
1057 1388 1112 1457 vei
1134 1395 1335 1478 indignitati·

112 1514 246 1574 nostrae,
268 1494 446 1564 meritorum
477 1507 525 1563 vel
554 1505 790 1573 demeritorum,
820 1512 853 1562 ut
873 1504 1022 1581 Theologi
1049 1507 1235 1582 loquuntur,
1259 1522 1334 1564 con·

113 1627 243 1687 sequens
274 1620 374 1669 autem
417 1606 652 1687 praescientiam
682 1627 849 1669 consensus
883 1610 973 1669 tiberi
1004 1610 1124 1668 arbitrii
1171 1618 1204 1668 et
1237 1611 1400 1669 meti--

111 1725 211 1775 torum
235 1715 734 1793 reidemeritorumsequitur1).
765 1718 916 1774 Voluntas
933 1732 1125 1792 consequens
1141 1732 1238 1792 porro
1261 1728 1418 1775 curum

111 1818 221 1881 effectu
252 1818 412 1894 conjuncta
433 1827 500 1889 est,
531 1836 597 1879 cum
627 1822 668 1878 sit
697 1821 853 1889 absoluta,
882 1821 1063 1880 antecedens
1086 1829 1208 1892 autom,
1236 1830 1427 1898 quorun-11

111 1925 170 1993 sit,
193 1925 330 2001 quamvis
352 1925 448 2002 quoad
469 1925 609 1984 affectum
635 1925 751 2002 pariter
768 1926 926 1996 absoluta,
948 1924 1083 2002 adeoque
1105 1926 1223 1984 serium
1246 1927 1381 1986 desi-
1393 1923 1435 1978 i·

111 2030 244 2099 derium,
265 2037 367 2090 tamen
390 2031 484 2108 quoad
506 2032 646 2089 effectum
669 2037 784 2089 tentum
807 2030 1032 2099 conditionata,
1054 2046 1114 2090 non
1131 2033 1216 2090 item.
1250 2028 1367 2106 Qua-
1380 2039 1441 2084 s·

111 2145 236 2214 propter
1185 2123 1187 2127 ¹

193 2262 221 2304 e.
244 2242 365 2301 tandem
386 2241 527 2300 voluntas
550 2242 651 2300 divina
669 2241 764 2302 adhuc
783 2241 926 2300 dividitur
939 2243 971 2300 in
992 2243 1202 2302 efficacem
1222 2253 1259 2304 et
1281 2247 1355 2303 in·-
1371 2253 1445 2297 m·

112 2345 351 2417 efficacem,
388 2362 513 2423 quornm
537 2342 590 2406 ilia
609 2364 731 2424 semper
756 2348 899 2422 impletur
919 2355 949 2405 et
965 2349 1105 2406 effectum
1129 2349 1266 2406 sortitur
1287 2343 1444 2423 ¹)2()‚

110 2451 186 2512 haee
210 2460 313 2510 autom
328 2452 490 2520 effectum,
513 2469 600 2530 quesn
620 2455 705 2511 Deus
730 2453 834 2511 ultimo
858 2452 1004 2523 intendit,
1029 2470 1068 2512 cx
1087 2452 1210 2512 defectu
1224 2453 1356 2513 eondi-
1378 2443 1443 2504 ἶ·

112 2559 204 2616 tionis
227 2564 380 2625 statutae,
411 2557 449 2614 ob
479 2559 697 2617 contumaciam
726 2557 880 2616 hominum
902 2576 961 2615 non
984 2558 1183 2618 nanciscitur.
1204 2559 1395 2618 Dicitur!
1413 2563 1442 2602 ¹?

40 2682 42 2685 ·
112 2665 212 2740 itaque
242 2662 383 2722 voluutas
412 2662 507 2730 haec,
535 2680 609 2740 quae
632 2666 771 2722 effectum
794 2680 854 2722 non
877 2665 1025 2734 sortitur,
1057 2671 1174 2722 tantum
1206 2666 1439 2724 rationesve

113 2769 239 2827 effeetus
261 2767 382 2834 ultimi,
405 2785 492 2843 quem
515 2768 633 2843 quidem
655 2771 740 2827 Deus
762 2768 909 2838 intendit,
933 2769 985 2827 sed
1008 2786 1068 2827 non
1090 2769 1231 2828 absolute
1252 2760 1437 2837 nott..‘¹›

112 2873 273 2941 inefficax,
296 2873 326 2930 iu
349 2890 383 2931 se
406 2883 505 2931 antem
536 2883 566 2932 et
587 2875 707 2933 ratione
730 2876 855 2933 effectus
878 2874 1011 2951 proximi
1042 2888 1165 2950 semper
1196 2870 1377 2943 efficaxz
1427 2877 1435 2924 3

112 2979 211 3056 qualis
228 2996 256 3038 e.
277 2996 307 3054 g.
328 2984 375 3036 est
391 2974 532 3037 voluntas
549 2979 686 3038 salvandi
703 2990 918 3056 peccatorem,
945 2980 1015 3055 qnia
1034 2979 1208 3056 suppeditet
1229 2980 1435 3040 medina·

113 3082 150 3142 ad
174 3083 264 3141 finem
282 3082 476 3141 obtinendum
503 3084 705 3153 sufficientia,
727 3081 799 3144 iicet
822 3084 911 3143 homo
937 3080 1043 3143 forsan
1067 3085 1106 3141 iis
1128 3098 1186 3141 nnn
1212 3092 1325 3144 mator.
1343 3084 1432 3137 ι’·

113 3187 177 3263 Qua
198 3188 411 3247 observatione
431 3188 530 3264 posita
549 3186 689 3264 adparet,
712 3190 778 3246 Deo
797 3188 920 3245 minime
940 3187 1118 3261 injuriosum
1138 3206 1229 3260 esse,
1262 3186 1437 3264 ejus&⁸

113 3295 298 3352 voluntatem
315 3291 416 3351 dicere
434 3293 634 3361 inefficacem,
656 3311 724 3351 cum
748 3293 917 3352 inefficacia
939 3292 1015 3352 naec
1035 3310 1093 3351 non
1115 3302 1229 3370 argunt
1247 3294 1400 3355 ‹lete-2
1418 3300 1438 3326 ²·

113 3406 196 3457 etun
214 3399 367 3474 potentiae
392 3398 422 3455 in
449 3400 534 3465 Deo,
563 3397 617 3455 sed
636 3396 785 3456 defectum
809 3415 863 3456 seu
883 3398 1010 3456 abusum
1032 3397 1187 3459 libertatis
1210 3395 1442 3459 nsunt*

113 3505 144 3561 in
160 3503 291 3574 homine,
314 3503 372 3572 cui,
394 3512 428 3560 ot
445 3504 498 3562 illa
519 3500 678 3573 adimatur,
701 3504 869 3579 sapientiae
886 3503 1007 3562 divinae
1028 3520 1213 3581 repugnare,
1236 3496 1447 3581 ssprn9⁸

109 3608 173 3684 jam
196 3607 414 3667 adnotavimus.

151 3955 176 4017 ¹)
192 3954 272 4005 Hace
298 3951 454 4004 voluntatis
477 3951 581 4003 divisio
600 3950 659 4014 jam
675 3953 748 4018 apud
768 3954 1078 4018 Chrysostomum
1096 3954 1234 4009 occurrit.
1253 3959 1325 4009 itm
1347 3984 1375 4000 ο

117 4050 145 4097 1.
161 4047 191 4096 t'n
207 4047 260 4103 Ito.
285 4048 321 4093 nd
344 4045 446 4104 Endos.
464 4060 492 4094 n.
511 4045 541 4094 2.
567 4042 638 4109 Opp.
663 4044 696 4094 Τ.
721 4044 763 4094 11.
785 4057 812 4108 p.
833 4047 860 4095 ὅ.
878 4040 989 4108 θέλημα
1002 4039 1114 4111 πρῶτον
1128 4039 1175 4091 καὶ
1191 4038 1326 4113 δεύτερον,
1336 4029 1458 4101 ς’·’“’

115 4125 318 4202 προηγούμενον
334 4129 379 4180 καὶ
397 4125 536 4191 ἑπόμενον.
555 4131 599 4184 cf.
618 4133 647 4183 J.
665 4132 795 4183 Damas
806 4145 829 4186 c.
847 4137 888 4184 De
907 4137 975 4185 ortt.
993 4134 1038 4184 or.
1056 4136 1077 4185 t.
1096 4137 1125 4186 2.
1144 4148 1170 4186 o.
1190 4137 1241 4188 29.
1258 4119 1458 4200 oppaedt

115 4223 150 4273 r.
171 4225 193 4274 r.
211 4235 240 4286 p.
258 4222 315 4272 tes.
330 4221 364 4270 Β.
379 4219 409 4270 c.
427 4223 503 4272 naas.
520 4228 590 4272 com.
606 4222 725 4272 naason.
741 4236 769 4272 n.
787 4225 835 4272 ⁷9.
858 4236 886 4279 ο.
910 4222 969 4274 nea.
992 4220 1025 4275 c.
1045 4248 1080 4260 -
1105 4221 1238 4278 raom.
1260 4223 1422 4287 140⁹
1448 4210 1461 4258 t

117 4316 167 4363 rs.
184 4319 237 4363 arr.
254 4313 332 4362 οοο
348 4314 376 4362 r.
395 4308 466 4377 npp.
484 4310 518 4362 u.
535 4313 579 4361 so.
594 4322 622 4375 o.
641 4310 697 4361 tao.
714 4324 738 4362 o.
754 4313 781 4362 a.
801 4313 833 4360 u.
853 4316 878 4363 r.
896 4312 971 4363 stne.
990 4316 1052 4364 ion
1067 4317 1120 4366 4⁶.
1135 4329 1160 4379 q.
1181 4317 1209 4365 r·
1226 4321 1278 4365 ars.
1297 4314 1341 4361 r.
1363 4284 1458 4349 1¹

115 4400 150 4452 r.
167 4402 194 4452 o.
212 4413 238 4465 p.
255 4401 316 4450 ssa.

150 4481 176 4548 ²)
193 4487 269 4541 Gen.
283 4492 326 4550 50,
346 4492 388 4542 19.
404 4488 455 4540 Ps.
471 4491 529 4550 113,
547 4487 644 4553 3(11).
664 4488 702 4539 is.
717 4489 760 4549 lid,
780 4491 822 4540 10.
1045 4553 1048 4557 .

151 4567 176 4642 ⁸)
193 4577 233 4629 Is.
254 4580 280 4640 5,
297 4578 323 4632 1.
341 4580 448 4633 Ειθοὴ.
465 4579 509 4643 at,
530 4580 573 4630 13.
590 4577 694 4630 Martii.
712 4580 755 4640 23,
773 4578 815 4629 37.
835 4579 896 4631 Aci.
915 4581 942 4641 7,
960 4583 1003 4636 51.
1021 4584 1047 4637 2.
1067 4584 1145 4638 Petr.
1163 4587 1190 4647 3,
1208 4589 1235 4639 9.
