2926 5168
184 396 308 471 partem
334 384 534 463 'rentilandi,
567 401 661 473 atque
691 390 920 455 subtilissimas
948 388 1172 454 distinctiones
1204 388 1392 471 adhibendi,

184 491 280 573 etiam
298 512 381 557 nunc
398 493 565 557 dominans
587 494 719 559 mansit:
736 495 940 559 nihilominus
961 507 1067 559 tamen
1091 495 1277 582 'l'beologia
1298 514 1393 578 prae-

184 616 261 660 sens
282 592 360 671 int,
378 618 458 682 quae
480 598 644 683 prioribus
665 599 804 666 saeculis
825 599 949 689 viguit,
971 601 1071 665 multo
1092 599 1310 686 praestantior
1332 598 1395 662 fuit

183 722 234 776 eo,
264 702 350 786 quod
378 703 493 788 majori
521 704 700 770 eruditione
730 706 888 771 instructa
916 717 1022 780 esset,
1054 706 1091 773 S,
1122 704 1327 788 Scriptorum
1358 713 1395 766 et

183 805 410 871 'Proditionem
432 808 504 891 plus
526 809 727 894 respiceret,
750 822 844 896 atque
867 832 886 875 a
908 809 1150 896 quaestionibus
1171 807 1335 872 inutilibus
1358 819 1395 872 et

184 911 343 995 spinosis,
373 933 392 975 a
422 913 652 978 subtilitatibus
682 936 720 980 ac
754 915 1012 981 distinctionibus
1041 914 1103 978 sibi
1134 912 1240 998 magis
1268 923 1394 996 tempe·

183 1027 290 1091 raret,
312 1027 346 1080 et
366 1018 489 1101 puriori
511 1038 662 1083 sermone
685 1032 839 1084 uteretur.
871 1021 962 1084 Haec
985 1031 1092 1084 autem
1114 1017 1253 1083 feliciter
1273 1028 1395 1101 coepta

184 1121 276 1185 brevi
305 1141 364 1205 per
392 1121 558 1209 religionis
581 1123 724 1199 dissidia,
747 1126 879 1190 saeculo
907 1125 996 1189 XVl.
1026 1123 1157 1187 ineunte
1188 1133 1270 1197 orta,
1291 1120 1394 1185 inter·

183 1237 277 1310 rupta
298 1237 381 1290 sunt.
400 1226 523 1290 Studiis
546 1229 630 1291 enim
645 1230 792 1314 antiquae
808 1228 1007 1293 litteraturae
1022 1229 1194 1293 multorum
1209 1225 1308 1290 animi
1325 1246 1393 1290 non

185 1341 306 1394 tuntum
334 1351 479 1395 amorem
502 1331 680 1397 litterarum
713 1333 964 1420 elegantiorum,
998 1334 1056 1396 sed
1077 1343 1109 1396 et
1130 1331 1297 1416 spiritum,
1328 1352 1395 1416 quo

184 1435 306 1518 scripta
327 1432 530 1500 Graecorum
552 1449 648 1521 atque
670 1437 890 1502 Romanorum
913 1449 1045 1501 exarata
1068 1448 1163 1511 sunt,
1185 1432 1395 1509 imbiberunt,

185 1539 289 1604 omnia
311 1539 511 1623 subjectivae
530 1540 710 1605 sententiae
728 1539 938 1615 deferentem,
962 1552 1057 1626 atque
1074 1539 1259 1625 superbiam
1273 1539 1395 1603 mentis

183 1649 445 1730 voluptatumque
476 1645 672 1709 sensualium
695 1645 875 1730 cupidinem
906 1645 1104 1710 excitantem
1127 1665 1165 1709 ac
1187 1644 1395 1709 nutrientem.

184 1749 268 1814 lliuc
289 1747 353 1824 illa,
376 1770 469 1834 qnae,
491 1749 620 1835 antiqua
637 1751 817 1815 litteratura
833 1761 1026 1821 restaurata,
1050 1770 1088 1813 se
1102 1749 1272 1833 prodebat,
1295 1759 1396 1833 atque

183 1856 214 1919 in
239 1853 308 1917 dies
331 1855 436 1941 magis
457 1855 771 1942 magisquecrevit,
801 1855 977 1919 animorum
1007 1857 1047 1919 ab
1070 1853 1230 1938 objectiva
1252 1853 1397 1917 ver-itate

185 1970 217 2022 et
238 1960 342 2023 aliena
364 1960 553 2024 auctoritate
576 1960 782 2041 abalienatio,
804 1981 886 2046 quae
902 1961 992 2025 initio
1015 1959 1047 2022 in
1069 1980 1209 2046 pugnam
1228 1960 1396 2023 adversus

183 2063 369 2128 Ecclesiam
396 2063 429 2127 in
451 2064 716 2149 protestantismo
739 2066 861 2150 erupit,
893 2064 1008 2128 deinde
1040 2067 1071 2128 in
1093 2063 1252 2149 proelium
1274 2075 1396 2129 conba

183 2168 414 2233 revelationem
432 2172 709 2254 supernaturalem
726 2169 758 2234 in
781 2169 991 2234 naturalismo
1009 2190 1047 2233 ac
1064 2167 1284 2233 rationalismo
1298 2168 1394 2243 abiit,

183 2285 278 2359 atque
301 2276 427 2338 tandem
449 2274 481 2338 in
504 2276 588 2338 bello
611 2287 725 2340 contra
739 2276 845 2359 ipsum
866 2276 970 2339 Deum
992 2273 1207 2359 personalem,
1230 2295 1250 2337 a
1273 2278 1395 2339 mundo

183 2378 358 2454 diversum,
381 2379 415 2443 in
435 2380 639 2464 pantheismo
661 2400 700 2443 ac
723 2379 953 2444 materialismo
981 2377 1088 2442 desiit.
1118 2378 1195 2442 Tali
1216 2389 1325 2442 autem
1343 2401 1397 2444 ra·

185 2483 270 2547 tione
301 2483 390 2547 multi
412 2482 595 2572 Theologi,
618 2487 658 2548 ad
685 2484 855 2549 veritatem
880 2482 1081 2548 catholicam
1104 2493 1218 2548 contra
1239 2484 1397 2565 adversa-

183 2586 306 2650 riorum
327 2587 466 2653 insultus
489 2589 721 2653 defendendam
746 2590 860 2662 coacti,
883 2590 922 2653 ab
944 2589 1125 2653 excolenda
1146 2588 1317 2673 disciplina
1337 2611 1398 2653 no·

183 2700 252 2754 stra
262 2691 496 2769 detinebantur,
512 2695 608 2779 etqui
624 2696 728 2758 eidem
742 2715 872 2779 operam
889 2695 1016 2768 dabant,
1032 2692 1064 2756 in
1076 2713 1114 2757 ea
1126 2693 1399 2778 exillaparte,ex

184 2816 245 2879 qua
265 2796 413 2861 doctrina
426 2797 533 2862 divina
547 2798 804 2885 impugnabatur,
822 2797 1016 2881 expolienda
1030 2817 1125 2868 omne
1140 2796 1281 2861 studium
1296 2798 1397 2863 collo·

183 2901 306 2964 eabant.
328 2903 406 2966 Inde
425 2903 574 2968 ellectum
593 2915 656 2984 est,
679 2915 722 2977 ut,
746 2902 822 2967 licet
838 2902 928 2967 initio
945 2901 1039 2986 hujus
1061 2902 1187 2987 periodi
1208 2902 1241 2966 in
1259 2903 1393 2967 traden-

184 3007 224 3070 da
246 3006 433 3094 Theologia
448 3009 616 3071 methodus
639 3007 832 3072 scholastica
848 3005 1078 3080 dominaretur,
1095 3008 1175 3071 baec
1192 3006 1394 3089 pedetentim

185 3111 342 3196 positivae
365 3114 506 3185 cederet,
529 3112 709 3198 etquidem
732 3112 788 3185 ita,
810 3123 845 3176 ut
865 3109 1088 3195 philosophica
1109 3111 1296 3196 dogmatum
1320 3131 1395 3195 per·

184 3217 334 3280 tractatio
364 3217 494 3281 omnino
523 3216 755 3304 negligeretur.
787 3217 871 3279 Nam
901 3237 997 3300 quum
1027 3213 1207 3279 adversarii
1239 3214 1396 3281 continuo

182 3321 356 3387 Ecclesiae
379 3322 566 3387 Catholicae
590 3322 778 3405 oinceront‚
802 3341 872 3384 eam
895 3341 914 3384 a
936 3340 996 3384 sua
1016 3318 1179 3404 primitiva
1200 3317 1396 3407 integritate

184 3425 357 3501 defecisse,
381 3428 514 3511 ejusque
537 3427 715 3491 doctrinam
739 3447 758 3489 a
779 3425 920 3514 genuina
937 3426 971 3489 S.
989 3424 1180 3508 Scripturae
1201 3434 1296 3508 atque
1313 3425 1396 3490 anti·

183 3551 264 3615 quae
282 3530 455 3595 Ecclesiae
473 3531 619 3596 doctrina
635 3532 799 3615 disparem
814 3552 899 3595 esse:
922 3529 1100 3616 Theologi,
1116 3540 1152 3592 ut
1172 3527 1277 3594 aditus
1294 3528 1395 3594 drdrio

182 3635 214 3699 in
229 3635 456 3720 discipulorum
477 3635 600 3699 animos
622 3637 897 3720 praecluderetur,
920 3655 998 3718 prae
1016 3633 1163 3697 omnibus
1183 3652 1318 3717 operam
1341 3655 1396 3699 na-

183 3761 260 3804 vare
279 3741 447 3814 debebant,
471 3751 503 3804 ut
520 3741 698 3805 doctrinam
718 3740 889 3806 Ecclesiae
908 3760 980 3802 cnm
998 3740 1032 3803 S.
1050 3737 1221 3822 Scriptura
1237 3749 1269 3801 et
1287 3738 1396 3822 prima

183 3845 351 3909 Ecclesiae
370 3844 564 3909 Traditione
579 3865 696 3909 revera
711 3844 968 3908 consentientem
987 3863 1064 3906 esse
1081 3841 1307 3906 ostenderent
1322 3844 1396 3909 Pbi·

185 3950 386 4034 losopbicam
401 3962 506 4013 autem
525 3949 691 4013 doctrinae
708 3949 836 4012 divinae
852 3947 1079 4012 tractationem
1095 3966 1135 4009 eo
1153 3945 1279 4010 facilius
1300 3949 1396 4013 omit-

185 4055 314 4129 tebant,
338 4054 486 4140 quoniam
511 4056 591 4118 baec
625 4054 741 4138 partim
774 4054 856 4138 apud
887 4052 1096 4116 adversarios
1124 4052 1208 4114 male
1230 4051 1396 4128 audiebat,

184 4162 301 4244 partim
333 4159 407 4244 quia
439 4157 673 4243 pbihosopbia,
704 4179 747 4221 ex
768 4179 830 4243 quo
852 4169 1004 4241 tanquam
1026 4155 1200 4242 singularis
1223 4155 1398 4240 disciplina

184 4265 245 4329 coli
257 4274 422 4348 coeperat,
445 4285 520 4327 sese
531 4261 738 4350 Theologiae
751 4261 912 4327 inimicam
929 4262 1150 4349 monstrabat3
1173 4261 1257 4324 unde
1273 4260 1398 4328 factum

184 4381 244 4442 est,
265 4380 302 4432 ut
321 4369 376 4432 illa
396 4368 509 4433 ultimo
538 4370 631 4453 bajus
657 4366 779 4446 periodi
808 4368 941 4431 saeculo
965 4386 983 4430 e
1006 4365 1127 4430 scholis
1148 4387 1288 4450 prorsus
1310 4386 1398 4433 textr-

184 4475 279 4548 laret,
312 4475 414 4538 dotrec
437 4474 564 4537 undem
586 4470 712 4535 nostris
744 4471 858 4535 diebus
879 4470 996 4535 iterum
1018 4470 1186 4534 revixerit
1215 4469 1399 4541 castanon

184 4579 350 4653 innumera
370 4577 442 4642 fere
464 4597 565 4668 opera
587 4578 715 4641 labente
733 4576 795 4640 bac
814 4576 950 4663 periodo
973 4586 1049 4642 sunt
1065 4585 1223 4648 exarata,
1245 4585 1315 4641 tun
1335 4579 1398 4644 do·
