2926 5168
481 242 927 326 §.incommutatio
975 292 978 297 ·

183 423 291 488 Porro
310 420 577 506 quemadmodum
600 418 697 483 fidem
717 419 933 483 universalem
959 415 1131 482 Ecclesiae
1161 418 1331 508 antiquL.

102 530 205 596 simae
238 527 269 592 in
318 525 519 590 divinitatem
559 525 651 600 Filii,
692 531 736 590 ita
777 546 903 611 quoqne
940 523 972 586 in
1007 522 1209 588 divinitatem
1243 526 1345 610 Sq:

100 636 184 702 ritus
207 636 241 698 S.
267 644 427 698 testantur
456 631 700 706 confessiones,
742 653 819 718 quas
853 633 1041 714 Martyres,
1073 640 1147 692 ante
1185 628 1277 713 judic

101 739 206 814 ducti,
249 736 378 823 publice
424 736 613 810 ediderunt,
651 736 829 821 quibusque
870 735 1119 812 confirmarunt,
1166 757 1205 801 se
1243 758 1345 804 cl-

99 845 253 911 Ecclesia
285 843 438 908 universa
466 862 567 927 aeque
592 841 624 905 in
648 841 804 927 Spiritum
832 843 865 907 S.
895 843 1020 917 Deum,
1049 861 1088 906 ac
1118 844 1230 908 Deum
1257 843 1345 907 1¹·

102 962 187 1015 trem
206 961 238 1013 et
255 949 362 1013 Deum
382 947 496 1012 Filium
516 949 662 1012 credere.
684 947 856 1033 Ejusmodi
873 947 1098 1012 confessiones
1116 959 1194 1012 sunt
1218 970 1345 1033 sup-

102 1055 250 1120 laudatae
279 1053 434 1139 Epodii
467 1063 508 1117 et
532 1053 782 1124 Alexandri.
819 1053 972 1139 Eupli,
1003 1053 1250 1128 Vincentii,

104 1158 354 1245 Eupolemi,
399 1178 498 1243 porro
558 1158 899 1223 scillitanorum
939 1158 1033 1233 MM.,
1064 1156 1270 1223 Felicitat

101 1276 145 1329 et
182 1275 345 1350 septem
377 1262 568 1328 filiorum
601 1264 694 1334 MM.,
730 1262 946 1337 Victoris,
986 1262 1227 1328 Alexandri
1339 1294 1345 1331 l

104 1368 321 1435 sociorum
349 1369 429 1433 ΜΜ.
459 1369 494 1443 [c.
527 1389 555 1432 a.
586 1373 667 1443 290,
697 1369 868 1454 Agapae
909 1380 949 1433 et
984 1367 1204 1433 sociorum
1235 1368 1268 1433 Μ
1297 1372 1345 1436 Il

103 1496 133 1542 a.
156 1477 240 1549 304,
262 1472 387 1538 Afrae
411 1472 454 1536 Μ.
469 1493 496 1537 c.
520 1494 547 1537 a.
570 1472 652 1545 loa,
674 1472 806 1537 Firmi
830 1485 871 1538 et
892 1474 1066 1540 Rustici
1088 1474 1169 1538 MM.
1190 1493 1218 1536 a.
1241 1474 1345 1541 305

102 1593 137 1646 et
157 1579 311 1651 aliorum,
334 1598 416 1663 quae
430 1579 513 1662 apud
535 1577 789 1643 Ruinartum
812 1579 878 1667 legi
900 1590 1038 1664 possunt
1060 1584 1095 1657 ¹).

183 1684 219 1747 ld
235 1683 341 1768 ipsum
355 1684 444 1746 valet
467 1703 592 1768 qnoque
619 1683 659 1746 de
680 1683 876 1773 doxologia:
908 1684 1023 1749 Gloria
1048 1685 1153 1756 Patri,
1173 1689 1232 1747 etc.
1254 1703 1345 1749 inec

101 1810 164 1854 non
184 1789 224 1852 de
240 1789 383 1852 clausula
397 1807 545 1873 precum:
569 1794 631 1851 Per
645 1790 818 1851 Dominum
832 1798 976 1852 nostrum
990 1788 1104 1850 Jesam
1132 1789 1275 1852 Obristre
1282 1811 1339 1863 712,

101 1902 156 1957 stc.
173 1892 242 1977 jam
260 1891 293 1957 in
311 1892 533 1978 antiquissima
549 1890 701 1957 Ecclesia
715 1914 776 1956 usu
789 1894 952 1978 receptis,
975 1903 1070 1973 prout
1090 1894 1131 1957 de
1160 1894 1334 1975 τριςάγιῳ,

102 2000 251 2063 demone
270 1997 508 2072 vetustissimo,
531 2018 569 2062 se
608 2018 705 2062 cruce
735 1997 885 2086 signandi
909 2002 944 2060 is
970 2002 1097 2060 sonans
1127 2001 1253 2076 Patris,
1308 2006 1331 2058 el

102 2104 182 2167 Filii
192 2110 223 2166 et
234 2102 380 2184 Spiritus
396 2103 430 2165 S.
438 2124 453 2180 ,·
476 2122 517 2165 ex
533 2102 649 2186 quibus
665 2102 813 2167 omnibus
831 2102 1031 2168 consuetudo
1053 2102 1178 2188 primae
1200 2098 1321 2165 Eccle·

103 2207 171 2271 siae
204 2205 331 2271 colendi
352 2217 385 2270 et
411 2205 583 2271 invocandi
597 2207 754 2291 Spiritum
768 2209 804 2277 S.
822 2208 991 2297 colligitur.
1032 2236 1035 2241 ·

184 2311 268 2376 Dein
292 2310 532 2394 Symbolum
555 2312 867 2393 apostolicum,
891 2312 1159 2398 quemadmodum
1180 2311 1252 2375 inde
1277 2311 1308 2372 ab

102 2428 176 2482 ortu
192 2415 362 2482 Ecclesiae
377 2417 410 2480 in
428 2439 489 2481 usu
507 2428 596 2490 erat,
619 2417 710 2502 parili
731 2417 794 2481 lide
812 2418 844 2482 in
860 2416 1017 2501 Spiritum
1035 2421 1083 2500 6.,
1105 2437 1143 2482 ac
1160 2416 1192 2481 in
1209 2416 1301 2480 Deum

102 2522 232 2586 Patrem
247 2532 280 2585 et
295 2521 411 2586 Filium
439 2523 509 2606 ejus
538 2523 681 2596 unicum,
706 2522 820 2587 fideles
848 2523 986 2587 credere
994 2522 1109 2607 jubet,
1132 2522 1153 2587 i.
1176 2543 1203 2587 a.
1225 2522 1296 2585 illum

104 2625 270 2701 confiteri,
294 2628 442 2703 adorare,
469 2628 562 2714 eique
585 2651 621 2693 se
638 2651 774 2715 prorsus
798 2629 999 2710 mancipare,
1022 2640 1057 2694 ut
1081 2629 1165 2695 bene
1184 2621 1294 2714 exponit

104 2732 380 2810 Paschasius,
403 2755 499 2820 quum
530 2734 593 2798 ait:
626 2735 727 2799 Credo
755 2741 789 2798 in
816 2738 926 2810 illum,
948 2737 1204 2818 bocestdicere,
1225 2751 1291 2797 cort·

100 2842 236 2916 fitsor
257 2842 393 2922 illum,
422 2843 510 2904 colo
540 2842 681 2922 illum,
705 2845 832 2906 adoro
860 2848 1000 2919 illum,
1031 2851 1157 2906 totum
1188 2863 1240 2905 mc
1263 2841 1290 2897 it

97 2947 175 3023 jus
205 2945 300 3020 ejus
330 2966 378 3007 ac
406 2952 634 3009 dominium
672 2951 807 3022 trado,
835 2957 954 3034 atquc
982 2949 1246 3030 transfundo.
1263 2942 1289 3001 lt

101 3053 405 3130 professionis
426 3051 554 3129 buius
575 3056 819 3114 reverentia
840 3057 1047 3117 uniuersa
1081 3057 1219 3117 divino
1237 3066 1288 3112 so·

103 3157 206 3217 mini
228 3156 365 3217 dedita
386 3158 657 3219 continentur
679 3158 831 3238 obsequia
852 3158 888 3241 ²).

188 3256 336 3322 Tandem
354 3257 436 3323 hanc
450 3257 551 3322 fuisse
569 3280 588 3322 a
610 3260 739 3325 Christo
756 3262 897 3327 Domino
915 3261 946 3326 in
972 3262 1043 3326 sinu
1072 3259 1236 3326 Ecclesiae
1254 3271 1285 3317 rt·

104 3360 244 3449 positam
267 3373 299 3425 et
316 3362 356 3426 ab
375 3362 429 3426 illa
442 3363 636 3428 custoditam
657 3365 773 3440 iidem,
798 3366 954 3452 Spiritum
974 3369 1007 3431 S.
1022 3365 1176 3432 videlicet
1201 3378 1278 3429 verul

107 3487 184 3533 esse
197 3466 320 3542 Deum,
344 3478 376 3530 et
396 3468 542 3552 ejusdem
559 3489 632 3533 cum
647 3470 747 3534 Patre
766 3482 799 3534 et
815 3471 897 3535 Filio
923 3475 1103 3557 majestatis
1126 3483 1160 3536 et
1183 3465 1271 3559 dignit

104 3573 166 3648 tis,
190 3593 248 3637 seu
265 3570 358 3635 Patri
373 3584 407 3636 et
424 3572 506 3637 Filio
524 3574 854 3649 consubstantialem,
877 3576 971 3640 nobis
1004 3576 1160 3660 patefacit
1197 3569 1263 3640 cond

105 3677 651 3744 mnatiohaeresislllacedonianae.
664 3679 841 3746 cumcuim
859 3682 893 3745 M
904 3702 948 3746 ac
960 3683 1063 3745 edon
1075 3681 1140 3746 ius
1162 3678 1256 3766 Spirit

106 3783 141 3845 S.
156 3780 230 3846 Filii
242 3792 424 3847 creaturam
446 3804 521 3847 esse
537 3783 676 3849 diceret:
699 3807 811 3850 omnes
841 3798 955 3851 contra
973 3790 1109 3852 eundem
1132 3788 1247 3852 insunt

105 3898 198 3964 runt,
220 3886 317 3950 fidem
334 3887 454 3952 avitam
469 3888 509 3951 de
527 3891 597 3974 ejus
613 3888 777 3954 divinitate
797 3902 999 3956 attestantes.
1030 3892 1141 3958 Primo
1168 3894 1240 3958 Mser

108 3991 500 4058 niuscondemnatusmit
521 3994 553 4059 in
584 3993 786 4060 Concilio
817 3998 1107 4063 Alexandrino
1138 4020 1167 4069 a.
1193 3997 1233 4065 36

141 4259 166 4319 ¹)
184 4259 254 4307 Acta
271 4255 426 4318 Martyrum.
444 4254 512 4309 Ver.
532 4257 606 4308 1731.
625 4256 669 4309 66.
687 4262 774 4319 Epist.
792 4262 874 4312 [tect.
896 4262 991 4313 Visun.
1011 4267 1037 4313 et
1054 4264 1143 4323 Laud.
1163 4278 1189 4316 s.
1207 4264 1215 4312 t

126 4377 134 4398 .
153 4345 197 4396 60.
719 4355 721 4359 ’

105 4358 168 4500 Ι,2)
187 4437 228 4486 De
248 4437 317 4494 Scir.
338 4436 369 4486 6.
386 4432 480 4490 Praei.
497 4436 528 4486 ln
547 4437 620 4488 Bitl.
638 4451 710 4487 ruas.
728 4441 785 4490 ΡΡ.
803 4437 893 4503 bugd.
913 4441 947 4493 Τ.
967 4442 991 4493 6.
1011 4454 1039 4507 p.
1057 4441 1118 4495 866.

140 4519 164 4570 ³l
182 4522 316 4588 blansi,
334 4525 405 4582 cott
423 4527 505 4581 Cone.
524 4524 559 4578 Τ.
576 4526 602 4579 3.
621 4539 646 4578 ο.
665 4527 726 4579 3117.
1052 4528 1056 4533 “
1176 4516 1180 4525 ”
