2926 5168
176 383 260 440 entis
274 381 481 457 copnitionem
498 376 692 457 erperientis
712 379 868 440 amento:
888 383 920 439 et
931 396 996 439 non
1012 377 1115 438 solum
1141 383 1186 438 ad
1202 376 1386 454 intelliqelt·

176 484 250 545 dnm
263 484 378 546 altiora
391 482 576 560 prohibetur
585 503 675 544 mens
688 484 862 545 ascendere
875 486 947 544 eine
958 484 1024 562 lide
1039 488 1071 543 et
1084 483 1306 543 mandatorum
1325 483 1388 542 na·

175 589 352 650 obedientia
359 612 368 660 ;
395 595 454 649 aed
479 591 572 648 etiam
596 589 769 670 aliquando
789 590 884 648 datus
908 587 1087 648 intellectus
1116 588 1335 660 mtbtrahitur,
1360 594 1390 646 et

174 695 245 770 ipsa
258 695 342 771 states
355 695 557 766 subvertitur,
573 692 803 770 neplectobona
818 694 1011 752 consmentia
1025 697 1063 765 ¹).
1081 688 1293 751 Solummodo
1310 709 1385 773 pau·

175 793 205 858 ci
219 795 308 859 inter
325 794 549 860 Scholasticos
563 795 773 867 exstiterunt,
796 800 848 880 qui
865 793 1033 858 scientiam
1049 792 1124 857 lidei
1149 792 1386 877 praeferentes,

176 901 300 975 omnia,
323 920 404 986 quae
424 902 616 976 credantur,
641 900 728 984 prius
751 899 876 964 ratione
896 899 1097 964 discutienda
1114 918 1208 971 esse,
1238 908 1390 962 tenerent

174 1017 230 1069 aut
244 1016 445 1080 statuerent,
469 1017 502 1068 et
517 1005 591 1068 ideo
604 1005 700 1069 etiam
710 1011 741 1068 in
757 1004 868 1069 varios
877 1024 1011 1067 errores
1024 1004 1108 1086 lapsi
1124 1015 1217 1078 sunt,
1246 1007 1291 1066 uti
1313 1001 1346 1066 R·
1354 1023 1387 1064 o·

175 1111 368 1175 scellinu·
378 1132 404 1186 s,
416 1108 761 1187 auctornominalismi,
785 1130 844 1173 seu
858 1107 1049 1192 sententiae,
1072 1129 1134 1193 qua
1145 1108 1387 1174 adstruebatur,

176 1215 325 1279 notiones
344 1215 567 1289 universales,
590 1215 636 1278 uti
656 1226 748 1278 sunt:
771 1235 895 1300 genus,
926 1213 1072 1298 species,
1103 1210 1296 1287 differentia,
1323 1221 1386 1283 etc,

174 1340 237 1383 non
256 1339 404 1382 resvere
423 1318 623 1393 existentes,
655 1319 714 1382 sed
735 1339 825 1382 mera
843 1338 919 1382 esse
945 1317 1089 1392 nomina,
1122 1328 1155 1382 et
1182 1317 1388 1382 Ahaelar·

173 1423 248 1487 dns
270 1434 364 1507 atque
386 1422 451 1513 alii..

243 1524 388 1605 'Quando
405 1539 513 1592 autem
524 1527 693 1615 Theologi
710 1527 898 1593 scholastici
916 1528 1229 1602 docent,scieun'am
1241 1526 1318 1590 fidei
1336 1546 1387 1588 su·

173 1634 424 1715 perstruendam
440 1653 533 1706 esse,
557 1635 659 1718 eaque
673 1632 802 1696 nonnisi
818 1633 1010 1696 sustentari:
1042 1634 1082 1696 de
1108 1631 1259 1705 scientia,
1292 1649 1386 1715 mam

173 1737 372 1820 adpellamus
386 1738 547 1802 internam
564 1757 623 1801 seu
649 1737 898 1821 speculativam,
928 1736 1110 1800 divinorum
1133 1735 1320 1823 dogmatum
1344 1734 1388 1797 lo·

177 1852 335 1923 quuntur;
357 1860 555 1927 nequaquam
573 1853 680 1905 autem
701 1843 740 1905 dc
766 1842 901 1906 scicntia
929 1852 1067 1906 externa
1087 1853 1120 1904 et
1145 1840 1301 1904 historica
1316 1857 1388 1902 sen·

173 1944 271 2021 tiunt,
294 1966 375 2031 quae
394 1968 466 2011 cum
484 1945 548 2009 lide
565 1947 682 2010 saltem
693 1946 846 2031 explicita
864 1967 995 2031 semper
1010 1947 1181 2030 conjuncta
1199 1965 1286 2020 esse,
1304 1963 1389 2007 eam-

179 2070 240 2134 que
273 2051 472 2135 praecedere
512 2051 625 2123 debet;
670 2071 767 2135 quum
795 2051 903 2134 potius
934 2052 1056 2115 diserte
1089 2053 1231 2124 tradant,
1279 2048 1389 2136 cogni·

175 2154 281 2218 tiones
308 2155 400 2230 illas,
432 2155 502 2218 sine
542 2154 655 2239 quibus
689 2155 775 2218 nulla
810 2154 981 2239 persuasio
1005 2158 1045 2220 de
1070 2156 1197 2221 divinae
1217 2153 1390 2219 revelatio·

71 2322 76 2337 ,
171 2258 222 2322 nis
247 2258 402 2332 veritate,
426 2269 459 2322 et
484 2269 656 2343 eapropter
687 2259 783 2323 etiam
808 2261 895 2324 nulla
917 2282 1054 2345 prorsus
1080 2260 1280 2326 rationabilis
1309 2257 1390 2321 fides

176 2362 360 2427 Christiana
387 2364 500 2444 datur,
522 2376 673 2449 tanquam
687 2367 893 2448 praeambula
911 2367 951 2429 ad
976 2366 1085 2440 fidem,
1115 2367 1237 2431 hancce
1255 2375 1386 2427 antece·

173 2469 264 2550 dere,
282 2480 378 2554 atque
398 2470 592 2533 antecedere
617 2469 746 2533 debere.
756 2473 861 2532 Deum
875 2493 956 2545 esse,
982 2471 1027 2534 ait
1048 2469 1197 2535 Thomas
1209 2472 1258 2545 A,
1277 2477 1311 2532 et
1324 2470 1390 2532 alio

173 2577 366 2653 hujusmodi,
389 2595 471 2656 quae
480 2597 540 2652 per
555 2578 712 2636 rationem
732 2579 913 2638 naturalem
926 2583 1002 2639 nota
1011 2589 1150 2656 possunt
1166 2597 1238 2639 ease
1252 2576 1389 2647 chco,

174 2687 211 2741 ut
219 2681 336 2741 dicitur
346 2680 441 2746 liom.
451 2683 478 2744 1.
488 2699 554 2740 non
567 2686 642 2740 sunt
655 2680 787 2740 articuli
795 2682 873 2761 fitlei
882 2681 1046 2765 (quamdiu
1058 2680 1183 2745 scilicet
1198 2700 1259 2745 ceu
1266 2677 1391 2742 revala-

175 2795 205 2847 ta
229 2804 293 2847 non
317 2784 532 2869 spectantur),
556 2786 615 2846 sed
626 2788 839 2863 praeambula
867 2788 912 2848 ad
931 2789 1090 2849 articulos.
1121 2788 1178 2850 Sic
1204 2790 1287 2847 enim
1307 2782 1392 2864 fidus

174 2895 406 2970 praesupponit
421 2893 630 2967 oopnihonem
640 2896 841 2971 naturalem,
863 2896 951 2953 sicut
963 2897 1074 2970 qratia
1098 2898 1268 2970 naturam,
1298 2895 1331 2950 et
1357 2895 1393 2949 ut

173 3000 330 3075 perfectio
346 2995 546 3074 perfectibile
552 3015 568 3074 ,·
589 2996 673 3056 nihil
683 3001 789 3058 tomen
800 2997 947 3074 prohibet
960 2999 1049 3069 illud,
1070 2996 1339 3080 quodsecuntlum
1355 3014 1391 3054 se

179 3100 427 3162 demonstrabile
440 3105 488 3160 eet
495 3143 509 3178 ,
531 3105 563 3159 et
581 3101 707 3178 scibile,
730 3102 769 3160 ab
784 3101 892 3183 aliquo
908 3105 1006 3182 accipi
1020 3108 1057 3162 ut
1076 3102 1238 3179 credibile,
1261 3106 1316 3182 qui
1333 3102 1392 3160 ale·

178 3209 440 3266 monstrationem
453 3224 519 3265 non
534 3204 664 3286 captu).
690 3204 859 3268 Sententia
868 3205 939 3281 illa,
962 3227 1043 3291 quae
1057 3207 1180 3285 statuit,
1190 3203 1393 3291 omnicogni-

179 3306 259 3371 tioni
273 3305 388 3382 fidem,
413 3328 472 3371 scu
491 3307 658 3373 scientiam
671 3309 905 3385 immediatam,
939 3331 1021 3396 quae
1044 3321 1152 3373 tamen
1174 3312 1395 3374 tantummodo

182 3411 292 3475 sensio
310 3413 465 3496 quaedam
480 3414 621 3477 obscura
639 3434 714 3478 esse
732 3425 851 3498 potest,
875 3416 1084 3500 praecedere,
1100 3414 1328 3492 Scholasticis,
1349 3415 1395 3480 uti

186 3512 358 3591 Patribus,
381 3527 433 3579 est
443 3515 617 3602 incognita.
639 3517 802 3596 Quinam
821 3519 1003 3603 opinionem
1025 3531 1133 3583 autem
1157 3521 1285 3585 unicam
1314 3541 1396 3586 vere

184 3619 386 3685 Catholicam
403 3641 478 3683 esse
494 3622 699 3696 contendunt,
723 3623 968 3710 oppositumque
985 3625 1178 3709 pantheismi
1194 3624 1395 3701 insimulant,

184 3723 334 3800 viderint,
346 3745 392 3789 ¹ne
404 3725 467 3808 ipsi
476 3724 507 3788 in
518 3726 585 3790 luto
600 3725 814 3809 pantheistico
824 3729 990 3805 haereant,
1012 3741 1067 3794 ant
1083 3741 1241 3816 patronos
1250 3729 1327 3796 fidei
1336 3750 1397 3796 coe·

188 3847 246 3892 cae
267 3847 305 3893 ac
318 3829 548 3895 irrationabilis
561 3844 667 3918 agant.

269 3933 414 4010 Primus,
438 3935 490 4020 qui
507 3935 742 4020 philosophiam
759 3937 999 4002 Aristotelicam
1022 3939 1401 4031 Theologiaejungeret,

187 4050 259 4102 erat
280 4039 494 4104 Larrlranc
507 4062 573 4113 us,
596 4041 696 4104 italus
710 4040 896 4126 Papiensis,
920 4062 963 4107 ex
977 4044 1104 4108 Abbate
1123 4045 1321 4112 Gadomensi
1339 4050 1399 4112 Ar·

187 4141 415 4227 chlepiscopus
424 4142 708 4220 Cantnariensis,†
722 4150 821 4226 108&
841 4164 960 4230 parens
970 4158 1076 4211 autem
1086 4148 1293 4237 Theologiae
1306 4154 1401 4218 schir

189 4246 324 4310 lasticae
338 4248 412 4331 jure
430 4260 583 4313 censetur
605 4250 851 4325 nnselmus,
873 4252 1043 4340 Augustae
1064 4252 1097 4316 in
1113 4253 1325 4320 Pedemontio
1349 4279 1402 4323 na·

195 4413 483 4436 v·--—-—-—·-
488 4432 489 4435 ,

224 4477 235 4508 ¹
267 4478 307 4531 lb.

226 4484 251 4632 Ι))
271 4569 307 4624 1³.
325 4571 350 4621 1.
370 4583 398 4637 q.
419 4571 446 4626 2.
465 4575 521 4625 art·
539 4574 564 4623 2.
583 4573 630 4623 ad.
649 4576 674 4624 t.
693 4573 766 4640 opp.
784 4573 832 4629 ed.
850 4589 877 4628 c·
893 4575 927 4628 Τ.
944 4576 989 4630 20.
1006 4589 1033 4643 p.
1051 4578 1093 4628 te
