2926 5168
1267 215 1329 281 12³

120 361 288 438 Inpositus
309 360 496 438 differentia
513 375 667 420 maenaa
683 358 841 444 3313311).
861 355 947 426 llino
974 375 1008 426 et
1035 363 1192 429 vocabula
1214 384 1273 428 ena
1295 376 1328 428 et

119 469 254 543 spiritns
275 461 402 526 nonnisi
425 483 522 527 sensu
538 461 690 526 eminenti
711 482 748 526 ae
761 462 937 550 improprio
961 467 1001 531 de
1027 467 1100 531 Deo
1121 467 1328 544 adhibentur,

122 577 234 652 utpote
253 566 306 652 qui
320 566 360 630 ab
375 566 523 631 omnibus
540 566 669 631 entibus
696 578 729 630 et
746 567 913 652 spiritibus
935 570 1150 636 existentibus
1172 571 1329 638 essentia·

122 672 198 735 liter
215 669 361 742 differat,
384 672 527 757 adeoque
547 691 664 735 revera
676 671 774 760 longe
789 672 874 736 aliud
905 673 966 747 sit,
996 694 1089 760 quam
1118 677 1328 762 quodcunque

123 797 199 849 ens,
221 764 276 840 aut
291 775 468 861 quicunque
488 775 633 861 spiritus.
656 777 839 863 Eapropter
860 779 926 845 88.
949 777 1079 856 Patres,
1100 792 1134 845 ut
1156 802 1256 866 supra
1276 781 1328 846 vi··

125 881 242 956 dimus,
259 881 367 945 Deum
382 879 486 943 odoror
503 880 597 956 esse,
615 880 642 944 si
661 881 787 948 scilicet
802 903 902 946 sensu
917 895 1074 948 consueto
1093 885 1265 969 accipitur,
1276 906 1330 949 ne-

123 990 213 1073 gant,
231 1005 365 1070 eumque
380 986 685 1071 superessentialem
698 1006 737 1051 ac
751 987 1099 1071 supersubstantialem
1115 990 1277 1074 adpellant
1293 989 1330 1075 ¹).

209 1091 272 1155 Est
289 1090 398 1176 itaque
412 1091 506 1154 Deus
522 1091 626 1155 omnis
636 1089 881 1176 compositionis
894 1112 1024 1176 expers,
1037 1093 1177 1179 simplex
1191 1094 1330 1168 omnino,

126 1217 187 1260 sua
208 1195 369 1271 essentia,
392 1217 485 1259 suum
523 1216 615 1269 esse,
639 1208 732 1260 actus
749 1196 958 1281 purissimus,
997 1218 1056 1260 seu
1094 1209 1184 1263 totus
1224 1211 1328 1273 actus,

124 1313 222 1386 atque
252 1302 296 1365 ita
330 1300 610 1387 simplicissimus,
632 1313 667 1365 ut
695 1301 725 1365 ei
751 1302 827 1366 nibil
858 1301 1040 1385 comparari
1068 1302 1191 1388 possit,
1215 1324 1331 1388 quum,

125 1405 276 1491 quidquid
292 1405 385 1469 Deus
405 1426 469 1468 non
495 1417 563 1479 est,
587 1405 691 1491 aliqua
716 1405 952 1491 compositione
979 1406 1110 1482 saltem,
1132 1406 1179 1471 nti
1203 1408 1332 1492 loquun-

127 1521 198 1585 tur,
221 1509 443 1596 metaphysica
459 1521 492 1574 et
505 1510 611 1596 logica
634 1522 770 1575 constet

211 1616 372 1678 0bserV.
395 1619 427 1680 1.
451 1619 485 1677 Si
512 1619 542 1676 in
568 1619 626 1678 88.
644 1619 772 1678 Litteris
800 1621 867 1676 Deo
899 1619 1037 1677 extensio
1056 1624 1096 1692 ³),
1118 1622 1197 1680 situs
1219 1627 1261 1694 ¹),
1284 1641 1332 1680 so·

124 1726 200 1783 lium
221 1725 430 1798 excelsum¹),
452 1742 544 1800 porro
561 1724 696 1782 membra
720 1724 860 1800 corporis
889 1722 1032 1793 humani,
1053 1733 1088 1785 ut
1109 1727 1199 1785 oculi,
1217 1727 1256 1802 ¹),
1283 1747 1333 1786 au·

126 1849 178 1898 res
201 1831 240 1905 ⁷),
265 1829 410 1888 odoratus
426 1828 469 1906 ⁸),
492 1848 527 1887 os
543 1831 583 1906 ¹),
605 1829 762 1888 brachium
787 1828 839 1904 ¹¹),
860 1844 967 1886 manus
1002 1828 1055 1904 ¹¹),
1078 1828 1166 1906 digiti
1198 1837 1249 1900 ¹²),
1280 1853 1329 1908 pe·
1388 1908 1392 1919 ,

126 1932 181 1994 das
203 1927 261 2010 ¹¹),
285 1934 462 1993 affectiones
477 1935 588 2002 animi,
609 1941 642 1992 ut
665 1935 848 2010 poenitentia
865 1937 918 2006 ¹¹),
941 1933 988 1992 ira
1007 1935 1060 2009 ¹¹),
1083 1935 1167 1992 aelus
1195 1936 1247 2011 ¹¹),
1270 1938 1334 1996 vin·

127 2045 206 2102 diota
230 2045 286 2119 ¹²),
309 2053 367 2102 etc.
391 2037 581 2104 tribuuntui:
604 2041 854 2100 baecmaniieste
873 2039 974 2097 omnia
997 2056 1090 2096 seusu
1107 2038 1275 2116 improprio
1299 2059 1334 2098 ao

127 2149 334 2226 metaphorica
355 2147 528 2224 accipienda
547 2155 628 2209 sunt.
650 2147 709 2204 Hic
727 2147 807 2205 enim
822 2153 869 2204 cst
888 2163 956 2203 mos
972 2146 1004 2203 8.
1025 2145 1220 2220 Scripturas,
1242 2153 1276 2202 ut
1299 2145 1335 2203 de

126 2258 194 2314 Deo
208 2254 338 2313 humano
355 2252 442 2310 modo
466 2255 622 2328 loquatur,
645 2269 703 2327 quo
730 2266 802 2310 sese
825 2259 930 2308 nostro
954 2249 1107 2326 cogitandi
1137 2256 1167 2306 et
1195 2249 1335 2325 loquendi

127 2360 217 2419 modo
239 2359 456 2418 adcommodet.
478 2359 553 2416 Nam
570 2374 626 2414 nos
644 2357 690 2415 sic
707 2355 779 2414 iacti
796 2371 920 2423 sumus,
951 2362 984 2412 ut
998 2371 1054 2429 pro
1079 2353 1257 2412 infirmitate
1285 2365 1335 2411 no·

128 2474 195 2526 stra
212 2483 270 2523 non
286 2465 459 2539 possimus,
482 2481 557 2539 quae
571 2480 646 2538 pura
661 2462 832 2538 spiritualia
846 2470 926 2528 sunt,
949 2460 1008 2517 nisi
1021 2460 1076 2516 sub
1094 2459 1250 2516 involucro
1268 2476 1335 2516 eou-

127 2573 227 2648 porali
244 2569 400 2643 eujusdam
414 2569 557 2645 imaginis
573 2568 742 2642 concipere.
763 2568 866 2643 Neque
884 2565 1022 2642 praecise
1048 2564 1084 2622 ad
1106 2564 1283 2628 litterami.
1307 2584 1334 2623 e.

128 2696 188 2735 non
205 2674 301 2753 quoad
320 2676 459 2733 affectum
478 2683 509 2730 et
528 2673 705 2731 interiorem
722 2672 813 2729 animi
836 2678 968 2740 motum,
998 2669 1052 2728 sed
1075 2669 1171 2746 quoad
1196 2665 1335 2728 effectum

128 2780 275 2840 sumenda
293 2797 379 2849 esse,
408 2779 480 2849 illa,
504 2794 579 2854 quae
608 2779 637 2834 in
661 2777 720 2836 88.
751 2771 880 2836 Litteris
904 2774 940 2835 de
958 2778 1025 2834 Deo
1051 2776 1259 2850 affirmantur,
1287 2774 1335 2831 de-

163 3063 189 3121 3)
208 3034 335 3111 nnciam.
353 3063 455 3110 nosen.
474 3060 525 3118 33.
544 3056 576 3108 Τ.
592 3062 619 3107 3.
634 3054 669 3108 Ρ.
693 3058 716 3108 ι.
735 3069 761 3120 p.
781 3055 842 3107 333.
860 3055 892 3107 u.
909 3053 955 3107 ur.
974 3052 1087 3107 clem.
1106 3051 1242 3104 strom.
1256 3054 1281 3103 ἰ.
1307 3056 1337 3104 s,

128 3139 159 3203 3.
180 3153 230 3202 ra.
249 3138 321 3214 opp.
337 3147 372 3199 u.
388 3149 416 3199 3.
435 3159 462 3211 p.
480 3146 541 3197 333.

163 3231 189 3297 ²)
209 3237 252 3290 61.
272 3238 295 3301 1.
313 3239 340 3288 6.
358 3251 386 3289 n.
404 3238 432 3288 3.
450 3236 628 3301 pandum.

163 3319 191 3389 ³)
208 3321 338 3387 soum,
354 3326 381 3377 3.
510 3338 513 3342 ·

163 3413 361 3483 &mmm

163 3503 495 3567 matthat

161 3588 188 3662 ⁶)
205 3594 299 3647 mou.
317 3595 361 3656 33,
380 3596 425 3645 aa.
442 3578 530 3644 beot.
543 3592 590 3657 33,
611 3592 652 3644 ro.
667 3593 709 3646 ιε.
729 3594 753 3654 1,
776 3593 817 3645 rs.
834 3592 886 3644 us.
904 3592 948 3654 aa,
967 3588 1025 3641 33.

76 3700 89 3707 ·
168 3683 193 3746 ⁷)
211 3686 262 3737 m.
282 3685 324 3745 so,
342 3684 369 3735 3.
389 3682 450 3742 aaa,
468 3682 495 3733 3.
566 3725 568 3730 ,

167 3769 193 3835 ⁸)
212 3774 287 3827 usn.
304 3773 331 3833 8,
349 3772 394 3822 21.

165 3861 190 3929 ⁹)
207 3864 245 3914 1..
265 3866 289 3923 1,
306 3863 350 3914 3ο.
369 3860 419 3911 m.
435 3858 479 3922 33,
497 3858 525 3910 3.

167 3950 204 4016 ¹⁰)
221 3950 315 4004 uxot.
332 3953 359 4012 3,
377 3950 405 4001 3.
422 3948 475 3999 ns.
494 3949 537 4009 ua,
555 3948 582 3999 3.
601 3946 627 3999 a.
645 3947 685 3999 n.
703 3948 748 4009 33,
768 3948 808 4000 ιι.

167 4040 203 4105 ¹¹)
220 4038 290 4094 uon.
309 4040 350 4101 16,
369 4041 396 4091 8.
648 4047 656 4056 “

169 4125 314 4190 muron.
332 4129 377 4191 3ι,
397 4128 440 4178 ss.
456 4126 506 4178 na
524 4126 551 4184 a,
569 4125 595 4177 u.

170 4213 495 4280 13)13.·66,1.163331ι.
513 4217 556 4276 10,
574 4217 600 4268 6.
619 4215 671 4274 Ps.
689 4216 731 4274 98,
748 4214 776 4265 6.

173 4303 385 4375 ι81133367.

174 4391 205 4459 ¹⁵)
223 4396 273 4448 ns.
291 4397 318 4456 6,
337 4396 362 4446 1.

175 4481 204 4549 ¹⁶)
221 4487 304 4537 Num.
322 4486 366 4546 26,
386 4485 428 4536 11.
445 4483 498 4536 Pa,
516 4485 559 4545 78,
576 4485 604 4536 6.

178 4571 207 4638 ¹⁷)
225 4574 297 4630 uon.
315 4577 341 4637 3,
360 4576 388 4628 3.
404 4574 455 4627 Ps.
475 4575 534 4636 tua,
552 4576 578 4626 t.
