2926 5168
1261 222 1305 287 ’11

96 374 152 458 pit
176 373 202 456 ¹)
225 372 444 454 Quamobrem
467 373 562 455 juxta
592 369 718 437 illorum
755 369 933 435 doctrinam
960 370 1158 454 praecedere
1181 369 1312 436 omnino

95 477 180 542 tides
203 479 320 554 debet,
342 477 434 562 semri
456 475 570 540 deinde
588 475 670 540 ratio
682 494 720 541 ac
738 475 950 562 intelligentia
969 496 1032 540 seu·
1048 475 1194 540 scientia.
1216 474 1310 554 Quod

97 602 140 645 ex
168 581 422 648 Clementis
451 582 572 647 Alex.
601 581 673 644 loeo
705 600 805 664 supra
836 582 964 645 laudato
998 579 1146 646 edicitur.
1178 579 1215 643 ln
1248 600 1310 664 qno

97 687 235 762 asserit,
271 688 367 753 fidem
389 687 491 751 instar
524 704 601 750 esse
629 683 841 758 fundamenti,
874 705 972 770 snper
995 685 1079 770 qnod
1099 682 1118 765 ἡ
1140 689 1255 766 γνῶσις,
1277 682 1310 748 id

94 802 164 865 est,
195 791 332 857 scientia
361 804 394 856 et
422 791 565 879 cognitio
594 790 738 855 struitur.
771 792 885 856 Jaaaa
916 798 1028 855 nacha
1058 792 1143 871 fides
1170 796 1240 870 cst,
1269 788 1314 852 ait

92 896 360 971 Ambrosius,
384 904 572 980 onustatum
588 897 722 967 domum,
745 899 776 958 si
792 899 897 976 fucrit
915 897 1058 975 redacta,
1075 898 1251 958 communit.
1273 891 1311 982 ²)

97 998 366 1066 Cassianus:
389 1001 459 1064 sed
481 1004 635 1063 rationem
667 1001 743 1062 dicti
771 1001 928 1080 quaeris?
947 1020 1011 1062 non
1040 1000 1146 1062 reddo.
1180 1001 1312 1061 Interim

98 1106 190 1167 Deuca
211 1107 269 1168 ttae
291 1109 386 1169 cinit.
408 1106 499 1167 Deus
519 1106 578 1167 ttoc
598 1105 723 1166 locatus
744 1110 794 1166 eat
811 1105 907 1182 mate
929 1105 1058 1166 certum
1078 1105 1167 1166 itlius
1187 1125 1312 1166 mmma

96 1212 182 1271 ratio
202 1215 259 1270 cst.
282 1210 438 1272 limacea
459 1219 666 1288 cryumeata5
693 1228 835 1270 rcruoceo
855 1209 1107 1288 disputationem.
1137 1208 1217 1272 Sota
1237 1213 1314 1275 milti

94 1321 141 1375 nd
161 1315 381 1377 credulitatem
408 1317 529 1394 sufficit
551 1331 691 1390 paemen
722 1314 863 1376 diosmis.
892 1313 968 1376 Nau
997 1315 1070 1377 ticct
1093 1315 1171 1376 mitti
1192 1316 1231 1377 de
1248 1318 1314 1396 fida

92 1418 172 1478 dicti
193 1420 351 1496 ambigere
356 1439 373 1499 ,·
393 1436 458 1480 aaa
479 1417 551 1478 licet
573 1416 757 1478 deliberare.
782 1417 951 1490 Oscidmitti
972 1438 1139 1500 quaem,
1162 1422 1314 1501 quomodo

94 1543 207 1584 cerum
229 1527 290 1602 sit,
324 1523 410 1604 quod
427 1522 517 1584 Deus
539 1524 661 1582 dixerit
670 1564 683 1599 ,
714 1541 784 1582 cum
807 1523 950 1584 dubitare
970 1543 1034 1585 aon
1055 1523 1184 1586 debeam
1192 1569 1205 1605 ,
1235 1529 1312 1607 quin

90 1647 205 1689 ocrem
227 1629 283 1707 ait,
306 1628 392 1709 qnod
409 1627 501 1689 licus
513 1625 622 1686 dimit?
644 1621 680 1712 ³)
704 1625 809 1709 Atque
828 1621 1021 1708 cyrillus
1043 1624 1177 1690 Ales:
1201 1632 1312 1691 llidcm

90 1736 189 1795 eadm.
200 1737 346 1814 censetur
367 1735 515 1811 cognitio,
536 1749 602 1792 aon
619 1730 786 1808 antecedit,
806 1733 903 1806 insta
919 1733 1019 1794 illud:
1039 1731 1107 1811 „m
1127 1753 1191 1795 non
1206 1734 1313 1795 credi·

91 1839 228 1916 daritia,
257 1857 322 1900 noa
346 1832 560 1915 incatenate?
584 1835 666 1898 ntus
693 1838 806 1916 qtdppe
826 1828 971 1913 simplici,
992 1856 1056 1899 nors
1077 1840 1206 1900 curiosa
1226 1837 1315 1899 dosis

90 1947 205 2004 instar
226 1946 416 2017 consentu,
447 1939 732 2021 euperaedificutur
752 1941 900 2019 deinceps
922 1944 1071 2021 cognitio,
1094 1960 1176 2024 quac
1194 1943 1314 2022 pauta-

94 2051 153 2108 tim
174 2049 210 2108 irc
225 2065 409 2108 mensuram
430 2048 546 2107 aetatis
570 2043 691 2106 Christi
712 2050 744 2105 et
761 2047 798 2106 ia
818 2047 922 2108 cirum
949 2050 1125 2126 perfectum
1153 2067 1192 2108 sc
1212 2050 1313 2125 spiri·

93 2151 219 2214 tantem
239 2172 300 2214 uos
322 2155 421 2232 effert.
444 2151 480 2230 ⁴)
502 2148 596 2211 llanc
615 2167 695 2235 ergo
725 2166 768 2212 ex
789 2157 896 2211 mente
918 2146 1049 2213 Petrum
1075 2149 1246 2215 Ecclesiae
1270 2149 1314 2213 di·

96 2255 257 2340 sciplinae
273 2254 429 2320 eoelestis
446 2273 485 2318 ae
503 2252 681 2318 divinarum
699 2273 809 2316 rernm
829 2252 1109 2338 percipiendarum
1128 2253 1311 2318 hominibus

96 2361 183 2425 viam
199 2358 385 2424 Christiana
399 2357 595 2444 praescrihit
618 2357 746 2445 religio,
769 2369 804 2421 nt
821 2359 1054 2423 credendarum
1078 2378 1187 2422 rerum
1215 2357 1313 2424 ratio·

98 2487 172 2530 nem
191 2486 255 2530 non
278 2465 319 2529 ab
338 2464 568 2552 intelligentiae
593 2463 664 2528 tuce
686 2474 854 2548 repetant,
877 2483 938 2528 nee
958 2463 1157 2551 argumentis
1182 2484 1220 2529 ae
1238 2484 1309 2549 pro·

100 2572 258 2637 habilibus
278 2570 419 2635 inventis
438 2570 594 2633 humanae
621 2567 807 2652 sapientiae,
829 2567 883 2633 vel
906 2580 1172 2656 argumentorum
1194 2569 1314 2634 subtili-

101 2688 185 2751 tate,
209 2687 265 2739 ant
281 2673 524 2739 demonstrandi
545 2673 743 2738 necessitate
770 2683 960 2738 moveantur
986 2673 1027 2737 ad
1048 2693 1228 2751 assensum,
1255 2675 1314 2739 sed

10 2849 12 2854 ,
104 2782 171 2847 sola
196 2779 389 2845 anctoritate
406 2778 612 2845 testificantis
629 2778 710 2852 Dei,
733 2798 814 2863 quae
832 2777 958 2864 quidem
984 2779 1110 2843 idoneis
1132 2781 1172 2844 ad
1198 2779 1249 2845 sni
1272 2779 1314 2844 si·

105 2885 345 2974 gnificationem
364 2885 450 2949 notis
468 2905 506 2950 ac
520 2884 721 2950 documentis
737 2883 888 2965 illuxerit.
897 2884 1074 2968 Postquam
1099 2904 1179 2948 vero
1199 2905 1314 2970 propo·

103 2992 174 3056 sitis
190 2991 290 3055 rebus
310 2989 438 3054 assensi
455 3001 540 3064 sunt,
563 3009 602 3054 ae
618 2987 682 3053 fide
696 3000 850 3075 suscepta
868 2986 1046 3053 Christiani
1058 2989 1126 3073 jam
1149 3009 1225 3055 esse
1241 3009 1314 3055 coe·

104 3108 233 3182 perant:
256 3107 323 3160 tum
342 3115 384 3158 ex
400 3093 560 3180 frequenti
578 3092 772 3159 creditarum
789 3114 899 3159 rernm
918 3092 1125 3158 meditatione
1143 3115 1182 3160 ac
1198 3106 1314 3161 tracta

102 3203 190 3267 tione
214 3199 317 3264 oritur
337 3199 391 3264 illa
416 3199 552 3264 selentia
573 3219 632 3263 seu
655 3196 817 3286 cognitio,
841 3218 923 3284 qnae
949 3198 1050 3262 robur
1071 3218 1110 3264 ac
1128 3199 1314 3266 firmitatem

104 3305 191 3370 addit
207 3303 299 3378 fidei,
332 3315 366 3368 et
383 3303 424 3367 ad
446 3323 517 3368 eam
536 3304 704 3378 tuendam,
735 3303 976 3376 illustrandam,
999 3304 1186 3369 medendam
1206 3307 1314 3371 lumen

108 3408 246 3497 ingeniis
272 3418 305 3472 et
322 3408 504 3494 adjumenta
527 3407 718 3494 suppeditat.
739 3407 813 3472 Non
830 3428 912 3495 ergo
929 3409 1134 3494 philosophia
1152 3421 1185 3475 et
1201 3408 1315 3476 intelli·

104 3513 213 3601 gentis
231 3514 297 3579 dux
314 3523 366 3577 est
378 3512 525 3576 habenda
544 3523 577 3577 et
586 3510 745 3599 magistra
755 3512 919 3588 credendi,
937 3515 996 3578 sed
1010 3514 1124 3579 ancilla
1141 3526 1174 3580 et
1189 3516 1315 3600 pedise-
1436 3597 1442 3606 ἱ

105 3640 180 3705 qns3
202 3640 267 3684 non
286 3637 367 3703 qnae
386 3616 513 3682 meliori
530 3618 604 3683 lnce
620 3615 753 3683 afflatas
768 3628 865 3704 regat
884 3629 1028 3695 mentes,
1057 3637 1115 3714 ao,
1147 3639 1208 3707 quo
1226 3621 1314 3698 velit,

105 3724 208 3799 ducat,
232 3722 291 3788 sed
309 3723 506 3807 obsequatur
524 3723 652 3808 potins,
684 3743 723 3788 ac
740 3733 873 3808 praesto
896 3722 940 3788 sit
964 3723 1005 3788 ad
1021 3722 1152 3791 tutelam
1174 3734 1207 3791 et
1227 3724 1314 3798 utini·

105 3926 361 3945 ψ

140 4037 223 4106 ¹)1h.
241 4057 270 4093 n.
289 4041 314 4095 d.
333 4057 358 4095 c.
376 4039 437 4094 218.

137 4127 598 4198 2)1111131.1ιι.1)ι.113.3ετιιι.
624 4127 666 4180 12.
689 4141 717 4179 n.
745 4127 786 4180 rt.
813 4124 883 4193 opp.
912 4127 955 4182 ed.
983 4142 1006 4183 c.
1033 4129 1064 4184 T.
1084 4132 1107 4185 1.
1134 4144 1160 4185 c.
1180 4131 1315 4187 111301.

170 4223 222 4272 De.
246 4219 350 4272 hbrah.
369 4218 388 4272 l.
409 4221 431 4270 1.
450 4233 474 4271 c.
493 4219 518 4269 3.
537 4231 565 4271 n.
583 4215 626 4269 al.
643 4214 685 4268 lb.
704 4228 728 4268 c.
746 4217 806 4269 2⁸9.

138 4302 162 4376 ³)
179 4312 222 4361 De
240 4311 351 4362 incarn.
370 4307 390 4360 l.
413 4309 439 4360 h.
458 4322 482 4360 c.
500 4308 525 4357 e.
544 4304 613 4373 Opp.
631 4321 658 4372 p.
678 4307 753 4358 tuot.

139 4396 165 4462 t)
181 4400 214 4450 ln
238 4398 322 4452 toan.
348 4399 374 4459 t,
398 4399 441 4450 69.
466 4395 485 4449 l.
503 4397 528 4451 tt.
547 4408 572 4448 o.
591 4396 616 4448 1.
635 4394 704 4461 opp.
723 4396 768 4448 ed.
787 4409 811 4449 c.
838 4395 870 4450 T.
889 4397 913 4450 tt.
932 4411 960 4466 p.
978 4399 1037 4452 393.
1056 4398 1099 4453 Gt.
1117 4399 1314 4468 Angustia.

172 4488 264 4554 Epist.
283 4490 341 4541 120.
360 4501 387 4541 n.
407 4490 433 4541 3.
452 4486 521 4554 opp.
540 4485 584 4538 ed.
603 4499 630 4537 o·
646 4485 679 4536 T.
698 4486 723 4536 2.
742 4498 766 4537 c.
785 4487 844 4540 att.
862 4486 947 4542 Hom.
966 4488 994 4540 in
1012 4489 1063 4544 Pa.
1082 4491 1142 4544 tta.
1154 4490 1314 4557 tuter-opp.

171 4575 482 4631 nantiliacus.
502 4574 688 4639 T.l.1t.371
708 4588 749 4626 ss.
