2926 5168
553 619 895 769 isagoge.

302 953 335 1033 §-
353 953 388 1022 1.
409 951 540 1022 Notio
555 950 835 1039 'cacologiae
858 950 1155 1037 dogmaticae.

198 1124 289 1204 Quae
311 1122 405 1188 nobis
421 1121 583 1187 credenda
607 1133 702 1208 atque
722 1121 928 1187 observanda
946 1133 1030 1197 sunt,
1053 1132 1088 1187 ut
1104 1120 1240 1188 salutem
1250 1143 1325 1189 con-

116 1248 310 1315 sequamur,
334 1216 484 1293 Christus
499 1227 660 1292 Dominus
681 1227 775 1293 uobis
791 1248 848 1314 per
868 1248 905 1293 se
920 1239 953 1293 et
969 1247 1050 1293 suos
1067 1228 1258 1314 Apostolos,
1282 1239 1326 1295 at·

114 1346 261 1422 queante
280 1334 454 1399 adventum
478 1355 572 1398 suom
595 1331 628 1397 in
658 1334 768 1398 orbem
791 1346 951 1398 terrarum
970 1334 1040 1418 jam
1065 1352 1124 1418 per
1142 1333 1327 1421 Prophetas

114 1439 290 1513 rovelavit,
312 1441 458 1525 hancque
480 1439 658 1504 doctrinam
679 1440 854 1505 revelatam
876 1436 1048 1504 Ecclesiae
1078 1457 1176 1515 suae,
1209 1437 1327 1505 Catho-

113 1548 205 1623 licae,
215 1559 248 1611 et
258 1545 289 1610 in
302 1546 363 1610 luae
374 1544 491 1609 iterum
503 1544 703 1632 magisterio,
714 1569 733 1611 a
746 1567 783 1610 se
796 1544 957 1621 instituto,
968 1542 1215 1610 custodiendam
1226 1543 1327 1611 fideli-

115 1652 239 1738 ltusque
259 1650 501 1737 proponendam
516 1650 690 1716 commisit.
702 1651 893 1737 Quicunque
909 1648 1018 1737 itaque
1032 1649 1064 1714 in
1081 1670 1249 1715 numerum
1259 1652 1327 1716 lida-

113 1759 291 1846 gistrornm
311 1755 610 1822 ecclesiasticorum
629 1756 814 1845 adscriptus
831 1769 892 1835 est,
913 1768 968 1822 aut
987 1753 1326 1844 adscriblcupit,quae

114 1863 268 1929 divinitus
284 1862 350 1928 sint
368 1862 533 1937 revelata,
555 1874 589 1926 et
602 1881 662 1928 cen
680 1862 757 1928 talia
769 1863 810 1927 ab
824 1862 975 1928 Ecclesia
1002 1861 1097 1925 nobis
1124 1861 1164 1925 ad
1193 1863 1325 1927 creden·

113 1971 187 2035 dnm
210 1979 456 2055 proponantur,
479 1987 571 2053 quam
607 1967 855 2033 adcuratisslme
879 1966 1011 2056 cognita
1041 1967 1160 2031 habeat
1186 1987 1325 2033 necesse

112 2088 182 2156 est,
205 2073 364 2159 qulenim
387 2072 469 2136 alios
495 2073 527 2136 in
555 2071 704 2139 doctriua
726 2073 801 2138 fidei
830 2073 1019 2138 Catholicae
1045 2071 1235 2137 instituendi
1252 2093 1326 2159 pro·

112 2178 253 2244 vinciam
271 2175 420 2250 stistinet,
437 2175 568 2240 clariori
584 2197 623 2242 ac
640 2177 800 2242 subtiliori
817 2177 1003 2266 cognitione
1033 2178 1180 2262 ejusdem
1195 2177 1328 2243 destitu-

113 2298 165 2350 tus
182 2303 256 2349 esse
275 2280 395 2366 nequit.
420 2281 505 2346 ilinc
524 2281 556 2345 in
576 2282 666 2345 verbi
694 2282 796 2347 divini
817 2274 956 2349 doctore
976 2284 1172 2371 requiritur,
1202 2293 1238 2347 ut
1261 2303 1326 2347 non

113 2389 244 2455 tantum
274 2388 313 2450 de
342 2386 543 2473 singularum
572 2388 826 2466 sententiarum,
860 2409 940 2474 quas
966 2401 1001 2454 ut
1024 2388 1178 2454 divinitus
1203 2390 1327 2455 revela·

112 2508 164 2562 tas
182 2492 372 2581 praedicare
397 2497 427 2553 vl
457 2492 601 2556 muneris
630 2493 773 2578 suscepti
796 2493 1027 2582 obstringitur,
1059 2493 1187 2582 origine
1218 2493 1326 2560 divina

110 2598 283 2666 convictus
309 2597 369 2674 sit,
393 2617 513 2683 easque
540 2597 603 2662 lide
628 2598 825 2665 inconcussa
849 2612 978 2677 teneat,
1001 2600 1059 2665 sed
1087 2613 1120 2665 et
1148 2599 1270 2665 claram
1288 2618 1328 2665 ac

111 2705 317 2795 perspicuam
345 2704 470 2768 illarum
497 2703 661 2770 notionem
680 2706 814 2780 habeat,
838 2726 936 2791 porro
961 2705 1124 2771 rationum
1150 2716 1325 2781 momenta,

110 2812 228 2900 quibus
245 2811 377 2877 easdem
397 2806 588 2874 revelationi
603 2808 714 2875 deberi
734 2822 950 2886 monstratur,
974 2810 1076 2888 sciat,
1099 2829 1239 2876 necnon
1257 2832 1325 2877 mn·

110 2931 197 2983 tuam
227 2916 353 2981 illarum
377 2914 672 2993 necessitudinem,
700 2927 796 3003 atque
820 2914 981 2982 internam
1006 2914 1168 2982 rationem
1190 2936 1251 2983 scu
1271 2935 1325 2981 ne·

111 3024 323 3097 cessitatem,
353 3033 512 3109 qnatenus
538 3020 571 3086 id
594 3021 666 3087 fieri
696 3034 826 3108 potest,
853 3034 1061 3110 perspectam
1083 3023 1219 3099 habeat,
1241 3023 1325 3109 ejus·

112 3149 175 3215 que
190 3127 272 3194 fides
289 3125 344 3191 tali
363 3125 460 3190 modo
477 3145 541 3191 una
557 3125 693 3192 scientia
711 3126 898 3193 collustrata
915 3128 966 3194 sit.

193 3233 344 3298 Praestat
361 3243 467 3296 autem
485 3231 516 3296 id
533 3232 670 3298 docendi
686 3233 830 3298 muneris
848 3232 934 3299 sacri
952 3232 1123 3300 candidato
1137 3233 1320 3299 Theolo-

110 3338 185 3427 gia
224 3336 479 3425 dogmatica,
509 3358 590 3424 quae
615 3337 695 3402 nihil
740 3337 826 3403 alind
862 3349 931 3417 est,
968 3361 1063 3426 quam
1097 3339 1323 3406 doctrinae

110 3443 217 3511 fidei
271 3441 526 3510 Catholicae
578 3443 791 3516 scientia,
841 3465 900 3508 sou
957 3465 1007 3510 ea
1060 3442 1323 3531 disciplinae

112 3548 391 3637 theologicae
427 3569 544 3634 pars,
579 3568 687 3633 quae
725 3547 937 3614 verita-tes
974 3551 1102 3616 Deum
1135 3552 1324 3640 ejusque

112 3675 251 3743 opera
280 3653 541 3728 attinentes,
580 3653 679 3735 tide]
708 3654 852 3720 divina
888 3656 1211 3743 amplectendas
1241 3658 1322 3737 (do-

109 3765 275 3850 gmata),
292 3771 416 3847 prout
438 3760 563 3826 nobis
585 3771 676 3824 sunt
698 3763 770 3846 pejr
792 3760 1323 3833 divinam'revelationem

110 3864 385 3954 patefactae,
426 3878 465 3933 et
503 3885 578 3953 qua
607 3864 727 3931 tales
765 3867 809 3931 ab
845 3866 1048 3933 Ecclesia
1085 3867 1319 3936 catholica

109 3973 347 4049 traduntur,
369 3970 611 4060 perspicue,
634 3971 858 4039 subtiliter
881 3984 923 4039 et
953 3973 1234 4060 systematico
1266 3998 1321 4043 or·

111 4075 411 4166 dineexpooit.
454 4114 457 4121 ·

296 4254 330 4327 t.
351 4246 393 4319 2.
416 4245 762 4333 Argumentum,
784 4261 870 4320 seu
887 4247 1150 4349 objectum.¹

195 4414 384 4504 Theologia
411 4415 594 4503 dogmatica
614 4416 738 4503 itaque,
769 4438 844 4494 seu,
867 4429 902 4484 ut
924 4418 1109 4487 adcuratius
1133 4420 1319 4509 loquamur,

110 4519 301 4612 Theologia
325 4522 507 4612 dogmatica
524 4520 692 4591 Catholicae
709 4543 769 4610 pro
787 4536 979 4613 argumento
1002 4547 1062 4593 suo
1085 4526 1183 4594 habet
1204 4525 1319 4594 verite·

1098 4637 1116 4701 1
