2926 5168
1272 241 1332 307 itt

124 392 379 452 cecinerant:
401 392 576 468 insuper
598 396 639 451 ei
655 410 812 469 pecora
834 394 973 473 compi.
995 391 1197 453 Voluerea
1218 395 1336 471 coeli,

126 499 335 574 sipiares
355 499 504 567 moris,
538 499 611 575 oui
640 500 929 575 perambulant
948 500 1122 558 semitas
1142 500 1271 557 moria
1296 494 1336 579 ¹).

124 601 371 662 —Justinus
390 612 489 662 autem
509 603 631 663 scribit:
655 601 734 664 Cum
751 609 852 666 bontas
865 609 910 665 alt
924 606 1050 682 (Dens),
1073 604 1208 664 omnio
1222 601 1340 663 illam

124 710 165 767 ab
188 708 279 767 initio
304 726 347 768 ec
368 709 500 785 informi
524 711 659 769 motoria
687 715 862 787 propter
883 711 1070 770 leminea
1092 708 1340 772 condidisse

123 813 363 892 occepimw),
389 847 425 858 -
449 814 658 875 Tatianus:
684 817 772 893 Opus
792 815 831 874 ab
856 821 1056 876 eoooslro
1078 833 1207 874 conso
1226 816 1338 874 coodi-

121 920 189 976 tum
207 917 344 977 odorare
358 917 442 983 nolo.
455 918 514 980 Sol
528 924 559 979 et
570 919 648 979 loco
661 924 836 998 propter
856 939 933 982 nos
950 925 1191 990 creatosunss).
1203 952 1242 965 -
1252 916 1277 974 0
1289 936 1304 975 r
1314 919 1337 975 i·

121 1040 203 1100 gen
215 1040 271 1082 es:
294 1025 405 1083 Multis
420 1042 479 1083 noa
499 1022 806 1107 accasamentis),
829 1026 916 1107 quod
931 1044 952 1084 a
967 1031 1033 1085 Deo
1051 1029 1157 1086 omnio
1173 1027 1339 1102 propter

122 1129 332 1188 bominem
347 1131 469 1206 sactu
491 1149 584 1190 ease
616 1135 760 1191 dicamus
791 1128 829 1212 ⁴).
859 1132 1009 1191 Similiter
1034 1149 1150 1208 quoque
1177 1133 1338 1206 loquuntur

123 1234 307 1309 cyrillus
329 1235 604 1313 Hierosolpm.
628 1232 665 1318 ⁵),
689 1238 916 1314 Gregorius
938 1239 1025 1299 Nau.
1049 1233 1089 1318 θ),
1112 1237 1336 1296 Tertullia-

122 1356 193 1396 nus
217 1334 244 1420 s)
267 1343 298 1398 'et
319 1342 566 1400 Lactantius
588 1338 625 1422 ⁸).

209 1441 379 1503 Observ.
402 1447 430 1509 2.
453 1448 550 1505 Porro
576 1447 692 1523 quando
715 1450 802 1507 Deus
826 1448 936 1507 dicitur
964 1449 1062 1507 omnia
1082 1447 1118 1506 ad
1139 1448 1271 1505 nominis
1289 1447 1335 1505 sui

123 1549 255 1625 gloriam
274 1545 465 1610 condidisse:
491 1570 526 1609 eo
547 1552 688 1624 minime,
717 1555 816 1612 Deum
842 1563 893 1612 aut
915 1555 1031 1630 proprii
1053 1551 1201 1612 commodi
1221 1551 1334 1610 studio·

123 1673 210 1723 sum,
233 1664 284 1713 aut
309 1673 382 1715 vero
403 1656 461 1714 sibi
489 1656 567 1715 baud
587 1675 657 1716 esse
679 1659 993 1728 sufficientissimum,
1016 1658 1150 1726 adstrui,
1182 1677 1219 1716 ex
1243 1675 1336 1733 supra

124 1761 321 1834 pertractatis
345 1779 403 1818 uon
428 1769 623 1836 potestesse
653 1762 782 1822 dubium.
811 1766 886 1821 Nam
918 1781 1027 1821 sensus
1055 1763 1137 1821 illius
1168 1763 1336 1821 sententiae

122 1882 310 1942 nequaquam
336 1875 394 1936 est,
415 1869 514 1925 Deum
539 1867 754 1943 perlectionem
780 1886 834 1926 seu
859 1869 1025 1926 bonitatem
1044 1866 1081 1925 ad
1102 1875 1189 1924 extra
1209 1866 1334 1925 manife-
1408 1866 1412 1875 ⁴

122 1977 236 2039 stasse,
261 1979 292 2030 ut
308 1971 354 2029 sic
374 1981 500 2031 externo
515 1969 630 2031 honore
644 1973 820 2042 frueretur,
843 1981 894 2030 aut
908 1974 1004 2048 plane
1022 1971 1079 2030 hae
1098 1973 1197 2048 gloria
1218 1971 1333 2047 indige·

121 2084 179 2143 ret,
203 2075 257 2134 sed
288 2077 357 2154 quia
377 2077 408 2134 in
432 2078 580 2135 sebonus
599 2088 668 2149 est,
692 2079 783 2136 etiam
807 2080 838 2137 in
867 2079 1024 2154 operibus,
1055 2095 1144 2154 quum
1168 2094 1202 2134 se
1220 2094 1334 2152 negare

121 2198 181 2238 nou
196 2183 306 2257 possit,
324 2182 434 2241 bonum
450 2199 531 2252 esse,
549 2200 616 2241 eum
632 2185 729 2261 iisque
748 2201 832 2242 suam
851 2182 1066 2260 perlectionem
1087 2183 1281 2258 participare,
1304 2190 1334 2239 et

121 2289 167 2345 sie
197 2304 232 2345 se
253 2305 404 2346 summum
434 2290 553 2346 Bonum
582 2289 671 2347 simul
704 2290 733 2346 in
763 2289 826 2346 illis
848 2288 967 2346 naturis
991 2288 1187 2346 rationalibus
1221 2304 1332 2362 cogno·

122 2393 267 2451 scendum
290 2393 436 2453 exhibere
458 2395 604 2456 voluisse.

466 2544 490 2626 l.
512 2540 730 2648 abiendi
752 2539 988 2629 perfectio.

206 2684 392 2750 Perfectum
422 2703 498 2748 esse
525 2685 696 2762 mundum,
730 2696 826 2770 atque
858 2686 897 2749 ad
925 2683 1021 2748 finem
1048 2681 1269 2768 aptissimum,
1293 2683 1332 2746 ad

121 2812 216 2876 quem
244 2790 359 2854 aDeo
376 2800 521 2855 ¹creatus
548 2800 618 2862 est,
651 2810 746 2854 nemo
769 2790 942 2865 dubitabit,
977 2788 1155 2875 quicunque
1178 2789 1217 2851 de
1245 2787 1331 2852 boui·

120 2906 189 2961 tate
208 2893 439 2979 sapientissimi
457 2904 490 2957 ct
507 2893 725 2979 potentissimi
743 2916 853 2959 rerum
874 2894 1044 2959 architecti
1067 2914 1245 2978 persuasus
1264 2893 1330 2956 iue-

120 3001 172 3065 rit.
188 3001 362 3082 Moyses
382 2997 548 3063 historiam
562 2998 736 3063 creationis
756 3001 947 3064 describens
961 3019 1134 3084 rerumque
1148 3010 1331 3062 creatarum

120 3105 243 3171 seriem
271 3124 467 3180 recensens,
501 3123 599 3188 saepe
629 3103 759 3187 saepius
788 3103 907 3188 repetit
934 3101 1116 3166 istiusmodi
1147 3103 1263 3164 verba:
1286 3110 1332 3165 Et

119 3216 203 3274 eicit
216 3213 317 3286 neos,
339 3213 425 3292 quod
437 3220 523 3272 esset
538 3211 688 3281 bonum,
711 3210 796 3291 qood
805 3214 887 3289 fecit
904 3208 939 3292 ⁹).
961 3208 1006 3271 Et
1021 3212 1052 3269 in
1072 3205 1136 3270 fine
1156 3204 1331 3269 creationis

120 3315 224 3380 adiit:
247 3317 395 3397 thttqoe
412 3321 501 3376 Deus
519 3321 644 3387 conclu,
668 3334 750 3397 quoe
761 3316 901 3388 fecerat,
924 3321 956 3373 ol
969 3320 1066 3376 eron!
1080 3314 1196 3374 valde
1215 3315 1330 3389 bono,

121 3420 140 3486 i.
160 3419 330 3504 septima
357 3429 390 3483 et
414 3418 560 3503 perfecta
583 3426 634 3494 ¹⁰).
656 3419 762 3503 Atque
786 3416 818 3480 iu
839 3416 974 3483 Cantico
995 3438 1055 3481 suo
1072 3417 1133 3481 ait:
1157 3420 1216 3479 liei
1241 3436 1328 3493 per·

155 3645 182 3702 ¹)
199 3642 249 3694 Pu.
266 3643 292 3702 8,
311 3643 387 3693 7-9.

152 3725 182 3793 ²)
199 3734 277 3791 Aoos.
295 3734 317 3782 1.
336 3733 387 3783 10.
406 3728 476 3795 0pp.
495 3743 521 3795 p.
540 3730 583 3782 ²19.

153 3825 183 3882 ³)
202 3824 248 3875 Or.
266 3828 336 3873 cont.
357 3823 455 3872 Graec.
473 3835 501 3870 o.
519 3821 548 3870 4.
566 3814 610 3868 lb.
628 3830 656 3883 p.
672 3815 733 3868 230.

151 3907 180 3972 ⁴)
199 3912 274 3962 cont.
293 3912 366 3963 Cels.
385 3913 402 3961 l.
420 3913 452 3962 4.
469 3925 496 3962 a.
517 3910 564 3959 14.
583 3904 654 3971 0pp.
673 3905 706 3955 Τ.
726 3907 749 3956 1.
766 3916 793 3969 p.
812 3903 871 3957 tta.

153 3995 178 4065 ⁵)
198 4002 308 4053 Coteob.
328 3996 376 4051 12.
394 4015 423 4052 n.
441 4003 469 4052 3.
487 3996 558 4065 0pp.
577 4010 603 4064 p.
622 3996 681 4047 135.

151 4083 180 4154 ⁶)
199 4092 272 4143 drot·
298 4093 404 4142 cotecis.
432 4103 459 4142 c.
486 4093 513 4140 tl.
541 4086 612 4152 0pp.
636 4085 681 4137 ed.
703 4085 771 4137 Par.
795 4083 872 4134 1333.
899 4081 932 4134 Τ.
957 4082 982 4131 3.
1007 4094 1035 4146 p.
1059 4079 1103 4130 et.
1129 4076 1172 4130 01.
1192 4079 1233 4127 De
1250 4077 1330 4126 Hom.

120 4179 513 4245 ositos.i*.1.p.eos.

153 4265 179 4336 ⁷)
197 4273 266 4321 Ado.
283 4270 416 4321 Morolon.
435 4271 455 4323 l.
475 4272 503 4319 1.
521 4283 548 4319 n.
569 4268 617 4319 13.
636 4263 706 4330 Opp.
724 4261 760 4315 V.
777 4264 805 4315 2.
823 4276 851 4329 p.
870 4260 930 4312 ¹38.

152 4352 179 4426 ⁸)
196 4361 285 4412 instit.
302 4361 357 4412 dlv.
376 4364 397 4412 l.
418 4362 444 4408 1.
462 4371 486 4408 c.
506 4360 534 4410 3.
553 4354 626 4422 Ορρ.
650 4355 685 4407 Τ.
714 4355 736 4404 1.
765 4365 791 4417 p.
815 4352 866 4401 522
883 4365 908 4400 s·
927 4353 969 4401 De
986 4350 1029 4400 iro
1047 4348 1080 4397 D.
1098 4358 1123 4398 u.
1148 4349 1191 4399 13.
1209 4344 1243 4397 Τ.
1260 4343 1285 4393 2.
1303 4356 1329 4408 p.

123 4449 173 4503 itt
190 4462 236 4502 ss.

153 4536 181 4600 ⁹)
199 4537 273 4595 Gen.
291 4541 315 4600 1,
336 4540 376 4591 10.
396 4538 436 4588 12.
458 4539 498 4588 ts.

155 4625 195 4694 ¹⁰)
213 4627 286 4681 een.
305 4630 329 4690 ι,
346 4628 388 4680 ai.
