2926 5168
1289 250 1332 322 li

121 393 428 482 dispositione,
457 402 719 478 constantia,
749 399 963 475 utilitate,
991 396 1330 486 pnlcbrttndine,

123 509 446 584 temperatione‚·
477 525 536 568 nec
555 525 651 584 posse
671 509 768 586 fleri,
791 508 868 587 quin
883 506 937 589 id,
959 508 1045 589 qnod
1055 510 1194 570 mirabili
1207 512 1331 572 ratione

121 617 265 684 constat,
287 611 468 674 consilio
488 615 638 690 majori
667 611 817 691 aliono
845 615 883 674 si
895 619 909 672 t
934 615 1184 676 instructum
1217 617 1254 695 ¹).
1291 651 1327 662 —

121 711 411 800 Augustinus:
442 715 623 778 Mandas
651 720 763 799 ipse,
802 713 863 797 ait,
893 716 1219 782 ordinatissima
1253 740 1332 782 ena

121 820 413 881 mutabilitate
454 826 495 882 et
532 820 771 882 mobilitate
808 828 849 882 et
874 824 1119 885 visibilium
1153 830 1331 887 omninno

117 924 1333 1009 pnlcberrimaspeciequodammodotacitas,etsactnmse

122 1030 1330 1110 esse,etnonnisia.Deoinefsabtherotpneincisibi

120 1138 221 1196 titer
257 1153 420 1212 mapno,
464 1138 503 1195 et
536 1134 838 1214 ineffabiliter
864 1147 996 1215 atque,
1039 1139 1332 1200 invisibiliter

117 1240 300 1318 palabro
317 1242 426 1319 [ieri
445 1225 728 1317 seposuisse,
749 1239 978 1325 proclamati).
1000 1239 1124 1305 tutatio
1149 1242 1237 1314 loco,
1260 1239 1330 1304 irri-

123 1345 207 1406 dens
225 1363 301 1418 eos,
324 1341 396 1426 qui,
418 1362 498 1427 quae
518 1342 669 1405 sensibus
685 1365 747 1408 nou
763 1345 1059 1419 attrectuutmoluut
1074 1347 1221 1424 credere,
1236 1366 1327 1431 prae·

122 1447 237 1512 sertim
271 1447 396 1521 Deum,
419 1446 472 1532 qui
495 1467 559 1510 nou
584 1447 707 1519 oculis,
731 1449 789 1510 sed
819 1468 862 1512 ex
892 1449 1045 1534 operibus
1070 1450 1237 1517 videatur:
1262 1460 1331 1514 Non

122 1556 226 1626 rideo,
249 1552 303 1627 ait,
324 1557 427 1630 mouit
441 1552 682 1633 (increduius):
705 1554 784 1634 qnid
801 1556 980 1618 crediturne
995 1558 1089 1620 snm?
1110 1556 1223 1620 Animo
1248 1560 1331 1618 enim

122 1665 176 1720 tna
193 1660 335 1738 ridetur,
355 1665 392 1720 nt
406 1659 544 1735 opinor?
564 1657 681 1732 Scribe,
703 1678 819 1736 corpns
832 1665 921 1722 tumn
933 1661 1069 1723 aidetnr:
1091 1665 1229 1723 anirnam
1244 1667 1332 1721 tnam

124 1766 195 1842 pais
210 1763 321 1824 ridet?
344 1761 422 1826 Cam
434 1782 511 1841 erpo
525 1782 642 1842 corpas
658 1768 746 1824 tnnm
764 1762 870 1824 solnm
885 1764 1046 1839 rideatur,
1069 1785 1170 1847 qnare
1194 1785 1258 1826 non
1272 1783 1326 1825 se·

120 1863 260 1945 pelicis?
280 1865 433 1939 Miratur,
448 1869 524 1948 orna
540 1869 629 1928 diaiz
651 1864 690 1928 st·
706 1886 823 1946 corpus
838 1873 963 1929 tantum
980 1875 1124 1944 cidetur,
1148 1889 1248 1951 quare
1267 1888 1332 1930 non

123 1967 295 2050 sepeliris?
314 1971 361 2034 nt
371 1971 539 2049 respondet
560 1960 752 2052 (sapit‘eroim
767 1972 813 2031 ad
821 1970 919 2046 boc).·
945 1969 1028 2046 Ouia
1043 1976 1122 2035 cieo.
1144 1972 1236 2036 Unde
1250 1976 1327 2042 scio,

125 2080 201 2158 qnia
227 2078 327 2149 airis,
349 2078 443 2155 cujas
460 2082 599 2137 animam
621 2095 686 2138 non
709 2071 824 2138 vtteot
858 2077 946 2138 Unde
973 2073 1067 2140 scio?
1087 2078 1329 2154 Respondebis:

129 2180 213 2254 Onia
227 2182 358 2262 hanon,
381 2186 456 2259 onia
471 2181 617 2253 ambulo,
640 2184 715 2262 quia
739 2201 861 2260 operor.
883 2181 1000 2254 statos,
1023 2183 1235 2260 exoperibus
1255 2200 1328 2242 cor-

121 2291 366 2365 porisapnasco
384 2288 557 2363 cicentem,
581 2305 632 2348 ea
661 2290 861 2363 operibns
883 2298 1115 2348 creaturae
1144 2305 1224 2347 non
1241 2292 1330 2364 pot·

124 2409 162 2453 es
179 2408 414 2468 agnoscere
435 2387 1242 2473 crescencium-Boethius:manuus
1263 2392 1330 2451 bic

125 2514 172 2556 ec
194 2499 271 2556 tam
299 2495 499 2568 diversis,
528 2497 857 2573 contrariisque
889 2495 1092 2572 partibas
1130 2498 1172 2556 in
1206 2514 1331 2556 onam

121 2601 303 2672 formam
330 2602 496 2660 minime
525 2599 815 2670 convenisset,
847 2600 939 2660 nisi
968 2618 1075 2660 unns
1106 2605 1237 2672 esset,
1261 2601 1330 2678 pni

125 2711 199 2764 tom
229 2703 401 2765 diversa
438 2704 743 2782 conjunperet5
772 2704 994 2778 conjnncta
1027 2724 1124 2764 sero
1156 2711 1326 2766 natura·

125 2828 210 2870 rum
237 2811 332 2888 ipsa
364 2809 619 2886 diuersitas,
659 2810 832 2868 invicem
863 2806 1033 2868 discors
1069 2809 1332 2870 dissociaret

131 2919 258 2995 otpne
280 2898 527 2988 divelleret}
555 2915 651 2973 'nisi
672 2918 929 2982 centenus,
953 2917 1023 2993 qui
1044 2914 1330 2995 qnodneanit,

125 3021 376 3080 contineret.
397 3015 488 3078 Non
509 3023 588 3077 tam
608 3037 706 3078 ocra
728 3021 871 3078 certus
897 3023 1075 3079 naturae
1104 3026 1205 3080 ordo
1230 3037 1327 3096 pro-

125 3123 304 3204 cederet,
338 3142 411 3183 nec
442 3133 520 3184 tam
542 3123 777 3201 dispositos
808 3127 956 3200 motus,
979 3121 1108 3195 locis,
1130 3125 1328 3202 tempori·

125 3228 219 3307 bas,
242 3229 524 3306 efficientia,
547 3231 723 3307 spatiis,
747 3228 1035 3306 qualitatibus
1067 3231 1326 3306 explicaret,

126 3335 210 3394 nisi
246 3349 349 3394 ronne
381 3338 516 3406 esset,
556 3336 624 3414 qui
660 3333 735 3394 bas
766 3333 1036 3394 mutationum
1075 3337 1330 3393 varietates

124 3456 297 3499 manens
331 3440 423 3517 ipsc
460 3439 715 3515 disponeret.
746 3436 817 3499 Hoc
845 3434 1001 3515 quidquid
1025 3441 1092 3514 est,
1115 3457 1176 3514 pno
1204 3437 1330 3498 condita

125 3552 267 3624 manent,
285 3549 379 3625 alpem
395 3545 571 3623 apitantnr,
587 3545 836 3606 nsitntocnnctis
851 3541 1001 3603 oocabnlo
1015 3539 1141 3601 Deam
1155 3543 1282 3602 nomino
1300 3541 1326 3622 ⁴)

127 3647 264 3712 -ldem
291 3658 515 3734 argumentum
541 3657 656 3730 postea
677 3666 802 3732 quoque
824 3645 1050 3732 Theologi
1072 3644 1330 3709 scholastici

125 3763 326 3827 tractarunt,
349 3773 485 3838 quorum
500 3751 640 3816 omnium
657 3751 730 3815 loco
754 3750 844 3814 solus
873 3748 922 3815 Ri
937 3750 1123 3813 chsrdus
1150 3748 1329 3814 Victori·

125 3879 195 3922 nus
218 3856 385 3931 audiatur,
408 3856 460 3941 qui
480 3856 586 3920 Deum
606 3855 750 3919 existere
774 3855 978 3917 demonstrat
1002 3854 1148 3918 adhunc
1171 3853 1240 3917 fere
1265 3875 1330 3917 mo·

127 3957 1330 4045 mwmfflmmfflmwmwmmmmmt

128 4087 207 4132 esse.
230 4066 375 4152 Itemque
390 4064 443 4129 vel
467 4085 486 4128 a
513 4065 687 4150 semetipso
711 4074 778 4138 est,
801 4064 854 4127 vei
876 4065 915 4127 ab
942 4061 1013 4126 elio.
1041 4062 1096 4126 lix
1123 4084 1185 4147 quo
1210 4061 1330 4147 triplex

159 4347 180 4412 1)
200 4349 260 4398 Dio.
280 4347 364 4397 instit.
384 4349 402 4394 t.
423 4348 448 4394 1.
466 4358 491 4394 c.
515 4347 541 4393 2.
560 4341 631 4408 opp.
651 4343 683 4398 Τ.
705 4346 728 4393 t.
746 4356 773 4408 p.
791 4342 808 4392 8
823 4357 848 4395 s.

159 4432 181 4496 ²)
200 4440 241 4486 tte
260 4438 312 4486 cto.
331 4437 366 4484 n.
385 4436 403 4482 t.
426 4436 471 4483 tt·
491 4448 514 4482 c.
532 4435 568 4483 4.-
582 4448 607 4482 n.
627 4434 654 4481 2.
674 4430 744 4496 opp.
763 4432 795 4484 Τ.
814 4432 839 4482 7.
858 4444 880 4481 o.
900 4432 960 4484 stt.
979 4429 1023 4482 (tf.
1041 4432 1058 4487 1,
1067 4432 1095 4486 8,
1115 4444 1139 4480 c.
1151 4433 1177 4479 6.
1194 4445 1218 4478 c.
1232 4428 1279 4485 lot,
1303 4442 1329 4483 s.

160 4517 182 4580 ³)
199 4526 299 4574 Ennrr.
318 4524 347 4574 in
363 4525 408 4572 Pr.
428 4525 476 4572 13.
495 4537 523 4572 n.
541 4525 590 4572 25.
609 4520 678 4586 Opp·
697 4522 731 4572 Τ.
750 4523 775 4573 it.
796 4534 821 4574 o.
841 4523 901 4578 ist,

161 4609 184 4677 ⁴)
201 4615 242 4666 ite
260 4613 364 4666 consol.
382 4616 401 4670 t.
420 4614 449 4670 3.
467 4626 540 4673 pros.
560 4614 608 4665 12.
626 4625 652 4689 p,
669 4612 713 4672 to,
