2926 5168
1208 236 1273 308 als

102 409 157 455 ‚am
170 386 304 478 migrari
319 386 526 470 permisisse,
548 386 613 452 imo
630 385 832 454 mendacium
848 386 1161 474 impudentissimum
1178 388 1272 454 mira-

102 495 147 561 lis
169 516 295 583 quoque
312 493 554 580 comprobasse.

230 677 257 760 t.
279 674 341 746 35.
360 675 399 746 h.
421 674 707 748 'l'estimonio
728 677 801 749 ss.
824 675 1157 764 Apostolorum.

438 853 471 895 a:
488 830 610 897 Petri
633 843 674 896 et
695 830 900 897 Thomas.

146 990 230 1048 luter
251 989 427 1048 testimonla
455 989 672 1066 Apostolorum
695 1006 750 1067 pro
776 989 933 1049 divinitate
961 990 1030 1048 Filii
1051 992 1110 1050 Dei
1140 991 1271 1066 primunr

102 1111 167 1153 eum
185 1104 309 1170 occupat
328 1096 464 1155 solennis
476 1095 627 1172 professio
644 1094 796 1172 Principis
819 1097 1047 1172 Apostolorum,
1070 1096 1178 1155 lesum
1194 1098 1275 1154 Mes·

102 1218 143 1258 am
159 1218 229 1259 esse
241 1200 447 1277 promissum,
469 1211 559 1279 atque
577 1219 683 1260 verum
701 1201 760 1259 Dei
776 1201 838 1258 vivi
859 1201 986 1269 lilium,
1017 1209 1120 1276 utpote
1146 1202 1183 1259 ab
1210 1203 1275 1276 ipso

101 1306 190 1363 rristo
212 1306 341 1364 Domino
367 1305 483 1365 diserte
512 1307 719 1382 comprobata,
746 1314 775 1365 et
798 1323 853 1380 pro
867 1306 991 1383 speciali
1009 1307 1068 1364 Dei
1088 1304 1276 1364 revelatione

102 1413 243 1484 clarata,
266 1413 358 1470 itaut
375 1412 593 1489 quodammodo
619 1411 684 1486 ejus
704 1412 799 1487 ipsius
822 1413 943 1469 effatum
970 1411 1090 1471 censeri
1113 1419 1276 1469 mereatur.

150 1511 329 1596 Postquam
355 1512 439 1577 enirn
460 1513 605 1598 Apostoli
628 1514 668 1576 ad
687 1512 910 1598 quaestionem
936 1514 1018 1576 lesu
1047 1511 1110 1576 sibi
1130 1510 1275 1597 proposi-

102 1637 150 1691 m,
182 1637 351 1701 quemnam
374 1617 521 1682 homines
545 1638 618 1681 eum
642 1618 815 1697 haberent,
837 1615 1119 1703 significaverant,
1143 1617 1182 1680 ab
1206 1615 1277 1680 aliis

102 1741 174 1784 sum
190 1719 316 1798 Elium,
340 1722 379 1785 ab
404 1721 476 1786 aliis
492 1723 673 1788 Jeremiam
696 1735 750 1788 aut
769 1745 866 1789 unum
884 1743 927 1786 ex
940 1723 1113 1808 Prophetis
1132 1722 1277 1799 censeri,

102 1847 163 1913 pue
184 1826 338 1891 Christus
353 1827 514 1893 Dominus
533 1829 650 1895 iterum
668 1830 868 1917 interrogat:
899 1835 960 1892 Vos
975 1836 1080 1892 autem
1107 1850 1200 1912 quem
1223 1851 1273 1891 me

102 1936 282 1997 redicitis?
304 1932 476 2017 profitetur
498 1938 664 1999 Petrus:
697 1942 744 1998 l'u
769 1957 803 1998 es
832 1941 997 2008 Gloriatur,
1025 1936 1170 1998 ll'ilius
1199 1935 1278 1996 Dei

109 2043 158 2102 vi.
181 2038 231 2101 ld
247 2058 328 2122 quae
351 2038 568 2104 Christus:
590 2043 714 2106 Beatus
735 2063 787 2114 es,
809 2039 933 2127 inquit,
954 2044 1065 2104 Simon
1081 2046 1278 2104 Bar-Jonas

102 2149 146 2207 via
162 2166 249 2220 caro,
279 2151 310 2207 el
337 2149 474 2224 sanguia
495 2167 561 2209 non
583 2147 1015 2226 restaurationum
1041 2166 1151 2217 meus,
1173 2148 1277 2228 quiin

102 2250 163 2312 elis
182 2257 232 2311 est
251 2248 290 2334 ¹)·
314 2247 433 2313 Petrus
450 2249 503 2315 hic
518 2249 627 2335 itaque
644 2252 761 2315 lesum
774 2251 807 2315 in
823 2250 1023 2335 oppositione
1040 2251 1277 2330 Prophetarum

103 2352 186 2417 lium
200 2352 264 2416 Dei
291 2354 448 2438 adpellata
470 2353 622 2419 Christus
649 2367 757 2420 autem
793 2354 927 2421 disertis
954 2354 1068 2421 verbis
1105 2353 1276 2440 signifieat,

102 2479 172 2535 urn,
195 2479 276 2544 quae
290 2459 461 2544 professus
476 2472 542 2536 est,
564 2482 628 2526 nou
651 2483 709 2543 per
729 2483 766 2527 se
790 2482 865 2526 esse
886 2472 1088 2534 assecutum,
1111 2461 1170 2524 sed
1185 2459 1215 2523 ei
1238 2480 1280 2523 ex

103 2565 200 2632 eciali
225 2563 289 2629 Dei
310 2565 524 2653 suggestione
553 2567 720 2633 accidisse.
742 2568 834 2633 Unde
856 2568 991 2631 verbum
1016 2565 1109 2630 illud:
1131 2566 1279 2628 Filius

107 2677 151 2736 ei
172 2676 282 2752 vivi,
320 2669 449 2735 minime
489 2694 585 2739 sensu
632 2671 828 2758 improprio,
866 2693 928 2758 quo
971 2671 1171 2756 Prophetae,
1213 2668 1278 2754 qui-

102 2798 127 2840 s
147 2775 299 2840 Christus
319 2776 507 2860 opponitur,
529 2777 607 2842 item
627 2777 683 2842 lilii
707 2777 772 2842 Dei
791 2778 1004 2859 adpellantur‚
1028 2787 1062 2839 et
1087 2796 1149 2861 quo
1178 2793 1278 2837 sensu

102 2905 123 2946 u
138 2881 224 2945 lilius
243 2881 307 2945 Dei
324 2882 395 2946 sine
413 2882 574 2969 singulari
589 2883 652 2947 Dei
667 2881 879 2967 inspiratione
893 2893 948 2946 aut
962 2880 1161 2946 revelatione
1176 2900 1195 2943 a
1216 2877 1277 2941 Pe·

102 3010 131 3065 s,
155 2986 262 3072 prouti
280 3007 298 3050 a
313 2986 446 3073 reliquis
462 2987 655 3064 hominibus,
670 2988 764 3055 lacile
781 2999 908 3072 poterut
922 2985 1091 3073 cognosci,
1106 2985 1164 3050 sed
1177 3003 1278 3047 sensu

102 3093 321 3159 liuentissime
340 3092 562 3178 accipiendum
579 3105 631 3158 est
652 3100 691 3174 ²).

148 3201 264 3261 Eodem
294 3210 394 3262 autem
423 3204 491 3263 loco
521 3221 588 3263 cum
610 3203 802 3278 professione
824 3204 909 3263 Petri
930 3201 1068 3261 habenda
1090 3210 1136 3259 est
1158 3198 1275 3277 proies·

102 3340 104 3357 ·
142 3311 180 3368 Α.
210 3306 395 3377 Thomas,
435 3325 509 3384 quae
538 3309 655 3384 pariter
682 3327 700 3366 a
736 3307 860 3368 Christo
892 3309 1022 3367 Domino
1054 3305 1178 3383 probari
1217 3322 1277 3362 me-

102 3421 136 3475 Lt.
170 3407 275 3486 Quum
294 3407 421 3473 scilicet
435 3408 536 3472 lesus
555 3429 574 3473 a
592 3408 728 3474 mortuis
755 3409 1019 3482 resurrexisset,
1050 3419 1084 3471 et
1110 3402 1275 3488 discipulis

102 3535 185 3604 igno
199 3512 318 3599 gaudio
332 3513 491 3578 recreatis
505 3514 731 3600 adparuisset:
755 3512 914 3588 Thomas,
946 3513 1000 3598 qui
1022 3512 1178 3584 abluerat,
1201 3507 1276 3590 illis,

102 3617 343 3687 surrectionem
359 3617 491 3682 Domini
507 3617 570 3683 sibi
586 3617 815 3694 nuntiantibus,
840 3619 977 3684 credere
993 3618 1107 3694 noluit,
1127 3614 1189 3680 nisi
1203 3613 1276 3698 ipse

102 3745 236 3794 avorum
255 3722 396 3810 vestigia
414 3723 549 3798 viderit,
580 3723 778 3811 digitumque
805 3723 856 3787 his
881 3723 1066 3799 immiserit,
1096 3733 1129 3787 et
1150 3741 1276 3785 manum

100 3854 134 3898 rs
165 3828 261 3895 lateri
289 3828 480 3898 admoverit.
505 3829 657 3894 Salvator
684 3842 791 3895 autem
811 3829 1064 3917 benignissimus
1094 3838 1171 3911 post
1201 3836 1276 3889 octo

102 3957 144 4003 es
164 3934 269 3999 denuo
287 3932 463 4017 discipulis,
482 3953 630 3999 unacum
647 3933 776 3997 Thomu
791 3934 1014 4022 congregatis,
1037 3931 1157 3999 clausis
1168 3929 1276 4010 januis

102 4052 214 4130 paret,
237 4051 270 4104 et
289 4039 329 4104 ad
345 4038 509 4102 Thomam
524 4060 720 4120 conversus:
743 4043 850 4123 Infer,
873 4040 928 4117 ait,
951 4045 1084 4121 stipitum
1100 4047 1188 4101 tuum
1198 4039 1275 4117 huc,

104 4148 186 4212 vide
201 4167 317 4210 manua
331 4166 435 4219 meas,
459 4153 490 4208 et
505 4151 587 4228 affer
602 4166 732 4209 manum
747 4154 844 4222 tuam,
866 4151 992 4211 etmitte
1009 4152 1044 4210 in
1058 4149 1143 4210 latus
1154 4163 1274 4206 nasama

102 4254 177 4319 noli
192 4273 263 4315 esse
278 4252 485 4326 incredulus,
507 4259 566 4314 aed
578 4251 694 4334 tidelis.
723 4251 848 4330 Quibus
872 4249 987 4316 auditis
1014 4251 1189 4326 confusus,
1217 4269 1274 4312 re-

102 4438 317 4461 *n*-

102 4555 128 4617 ¹)
147 4544 251 4602 Mareu.
273 4551 314 4612 ro,
335 4546 442 4598 ll-lr.

102 4637 126 4708 Ι)
148 4640 192 4696 cl.
210 4639 293 4696 loen,
310 4639 337 4701 o,
356 4637 469 4690 69-70,
