2926 5168
381 475 406 562 ξ.
430 474 495 546 12.
517 471 680 545 Modus
701 469 1080 545 conservationis

212 633 355 698 Ostensa
375 629 513 694 veritate
533 649 610 702 seu,
632 639 668 692 ut
684 629 787 711 ajunt,
817 628 965 694 realitate
983 629 1109 695 divinae
1128 630 1237 695 mundi
1260 650 1334 694 con·

127 737 323 804 servationis
352 755 452 822 pauca
475 735 579 800 adbuc
606 737 644 797 de
675 734 770 798 modo
803 734 948 812 ejusdem
983 735 1163 819 adjicienda
1193 738 1333 801 veniunt.

125 844 402 923 Quemadmodum
419 841 504 906 anim
520 849 614 915 sunt,
642 838 695 924 qni
715 841 866 903 mundum
888 860 948 925 per
967 861 1004 902 sa
1022 842 1126 906 solum
1144 843 1333 907 eorrservari

125 959 289 1024 asserunt,
306 959 361 1012 aut
374 945 407 1011 vi
416 944 596 1031 primitivae
606 944 829 1029 dispositionis
844 944 981 1018 divinae,
995 958 1049 1010 aut
1066 948 1216 1033 quoniam
1227 950 1333 1013 Deum

124 1075 199 1119 cum
215 1053 332 1117 mundo
347 1050 558 1116 confundunt:
582 1048 631 1113 sie
648 1047 744 1113 etiam
758 1049 811 1113 alii
825 1048 984 1126 existunt,
1008 1051 1060 1136 qui
1073 1054 1238 1133 mundum,
1259 1053 1336 1117 licet

124 1179 188 1223 non
205 1178 265 1242 per
281 1155 496 1221 substantiam
518 1154 678 1227 divinam,
700 1165 808 1218 tamen
834 1175 895 1238 per
920 1156 1114 1220 voluntatem
1139 1178 1177 1222 ac
1195 1156 1334 1223 efficaci·

122 1273 227 1326 tatem
240 1260 305 1325 Dei
319 1258 504 1325 immediata
522 1279 581 1343 per
598 1256 705 1322 omnia
724 1257 878 1323 sustineri
894 1257 1074 1335 affirment,
1095 1261 1141 1327 ita
1160 1274 1193 1325 ut
1209 1262 1334 1327 univer·

125 1386 171 1441 sa,
196 1365 330 1451 quaein
356 1365 474 1429 mundo
493 1374 568 1427 snut
586 1373 642 1426 aut
659 1361 757 1444 fiunt,
785 1362 879 1427 ιιιιίοε
901 1364 1065 1430 voluntate
1093 1365 1201 1431 divina
1221 1369 1286 1431 sint
1302 1379 1335 1431 et

123 1473 214 1544 fiant,
235 1481 330 1555 atque
348 1489 404 1533 res
420 1479 561 1543 creatae,
583 1488 643 1531 seu
661 1486 773 1531 earum
790 1466 961 1534 instinctus
976 1481 1031 1534 aut
1044 1471 1193 1536 voluntas
1211 1483 1334 1536 tantum

123 1574 330 1640 occasionem
358 1574 535 1658 praebeant
562 1571 626 1636 Dei
651 1571 855 1646 efficientiae,
879 1573 952 1638 inde
980 1586 1013 1638 et
1037 1575 1334 1642 Occasionali-

122 1693 218 1746 staa
234 1679 321 1752 dieti,
342 1679 428 1743 inter
445 1698 526 1763 quos
545 1675 686 1741 eminent
702 1677 774 1742 Nic.
796 1678 1101 1746 Malebranebe
1125 1691 1155 1759 ¹)
1186 1694 1219 1746 et
1241 1682 1334 1747 Car·

122 1786 263 1851 tesius
285 1794 324 1861 ²).
338 1784 570 1848 Verumtamen
587 1782 648 1845 88.
664 1781 859 1856 Litterae,
884 1787 1031 1868 quamvis
1047 1793 1154 1852 omnia
1169 1787 1201 1851 in
1217 1792 1333 1851 mundo

121 1892 163 1956 ad
179 1889 434 1974 omnipotentem
445 1887 597 1951 virtutem
612 1885 676 1950 Dei
691 1888 966 1955 conservatricem
984 1892 1139 1968 referant,
1155 1913 1218 1957 una
1232 1894 1332 1957 rebus

120 1995 204 2080 ipsis
218 1993 383 2080 propriam
395 1991 636 2056 subsistentiam
650 2003 745 2078 atque
757 1991 973 2071 efficientiam,
987 1999 1050 2062 etsi
1060 2020 1124 2063 non
1135 2019 1154 2062 a
1164 1999 1237 2063 Deo
1246 2021 1333 2079 pror-

123 2122 182 2164 sus
199 2099 480 2183 independentem‚
503 2095 653 2162 tribuunt.
690 2098 774 2175 Ouio
793 2104 862 2179 ipse
878 2103 964 2165 dimit
974 2147 986 2182 ,
1018 2101 1063 2165 ait
1086 2102 1333 2184 Psalmista,

121 2218 153 2270 et
164 2211 261 2288 faeta
272 2211 367 2269 aaut:
388 2211 456 2284 ipae
471 2204 647 2284 mandavit,
670 2211 702 2266 et
720 2212 828 2266 creata
844 2214 929 2272 sumt.
950 2214 1071 2271 Statuit
1084 2231 1124 2272 eo
1135 2215 1177 2273 in
1194 2218 1332 2273 aeter-

122 2335 238 2390 ιιιιιιι,
271 2319 310 2375 et
344 2315 388 2374 ιἰι
417 2311 636 2372 ancoratum
667 2312 856 2373 saeculi:
886 2321 1152 2392 praeceptum
1177 2319 1332 2396 posuit,

121 2427 160 2482 et
177 2438 256 2481 aon
273 2412 581 2504 praeteribat).
605 2449 646 2462 -
667 2402 906 2491 Io'uetemum,
928 2404 1072 2493 Dandae,
1095 2421 1225 2481 verdum
1246 2427 1333 2482 tuum

119 2529 335 2603 permanetis
353 2523 448 2585 eoeio.
477 2521 518 2582 In
533 2522 788 2597 ommatium,
811 2527 1097 2599 stereorationem
1113 2529 1234 2587 veritas
1257 2530 1333 2586 tua:

118 2629 267 2709 fundasti
288 2638 422 2701 terrem,
452 2631 737 2705 etpermanet.
770 2626 977 2689 ordinatione
998 2633 1054 2689 tua
1076 2639 1334 2706 perseverat

122 2739 214 2795 ates:
235 2737 383 2815 quonum
402 2733 510 2792 omna
530 2733 676 2792 serviunt
691 2731 746 2794 tibi
762 2733 801 2809 ⁴).
822 2729 912 2794 idom
931 2751 1078 2816 quoque,
1100 2743 1135 2796 ut
1153 2752 1251 2816 supra
1263 2735 1332 2817 jam

120 2834 345 2908 iudicavimus,
366 2833 496 2898 tradunt
515 2833 579 2900 88.
601 2832 773 2908 Patres,
795 2827 936 2899 necnon
960 2835 1179 2923 ‘l'beologi
1201 2836 1332 2900 schola-

122 2941 208 3017 stici,
230 2952 264 3005 et
277 2937 464 3005 nominatim
490 2938 525 3001 S.
544 2937 739 3002 Thomas.
769 2939 814 3003 m
839 2960 917 3004 sane
936 2939 1029 3004 Deus
1046 2941 1198 3004 mundum
1225 2941 1332 3005 condi·

122 3047 179 3122 dit,
202 3057 238 3110 ut
255 3045 341 3110 aliud
360 3065 379 3108 a
398 3064 435 3107 se
454 3053 555 3117 esset,
578 3044 723 3129 adeoque
740 3043 836 3107 etiam
857 3057 891 3109 ut
908 3056 1060 3130 tanquam
1077 3065 1096 3108 a
1115 3066 1152 3109 se
1171 3045 1332 3120 divorsus,

122 3173 186 3217 non
207 3162 357 3237 mnquam
375 3149 438 3235 ipsi
454 3148 646 3224 inhaerens,
669 3149 728 3212 sed
747 3169 807 3232 per
823 3169 880 3225 so,
902 3149 980 3215 lieet
999 3171 1061 3214 non
1079 3149 1332 3235 independenter

122 3257 162 3322 ab
184 3255 249 3330 ilio,
273 3255 454 3320 subsistens
473 3258 639 3318 asisteret.
668 3252 761 3317 Unde
780 3273 876 3338 quum
895 3275 953 3340 par
974 3257 1260 3320 conservationem
1277 3275 1330 3318 so-

122 3362 303 3436 lummodo,
331 3361 414 3447 quod
438 3359 527 3424 initio
549 3380 568 3425 a
591 3360 664 3423 Deo
688 3358 748 3423 fuit
769 3359 997 3435 constitutum,
1027 3369 1241 3445 perseveretz
1271 3378 1331 3442 per

122 3468 259 3533 eandem
275 3466 327 3532 iila
344 3464 454 3529 mundi
473 3463 683 3529 subsistentia
699 3485 758 3548 per
779 3486 815 3529 se
830 3464 962 3530 minime
983 3474 1094 3550 potest
1119 3462 1206 3537 toili;
1228 3483 1331 3548 neque

122 3585 231 3639 autom
245 3571 340 3636 etiam
359 3568 424 3634 Dei
444 3567 618 3633 efficientia
636 3569 780 3644 excludi,
803 3592 899 3656 quum
919 3569 1008 3634 vires
1031 3569 1105 3634 illae
1129 3590 1190 3634 seu
1210 3588 1329 3634 causae

122 3677 296 3752 secundae,
319 3675 433 3761 quibus
448 3695 504 3739 res
519 3674 552 3739 in
570 3677 687 3739 mundo
714 3687 788 3740 sunt
808 3688 862 3740 aut
881 3676 1076 3764 gignuntur,
1099 3687 1193 3757 prout
1211 3674 1330 3760 etipsa

121 3786 236 3849 barum
256 3779 445 3854 substantia,
467 3780 576 3845 aDeo
596 3791 747 3866 tanquam
768 3802 867 3847 eausa
884 3782 987 3866 prima
1009 3802 1145 3866 prorsus
1165 3781 1332 3866 depende-

120 3899 185 3965 ant,
209 3899 243 3952 et
257 3884 385 3952 nonnisi
404 3883 608 3952 immediatae
625 3886 781 3952 voluntati
810 3886 936 3953 divinae
952 3886 1159 3952 existentiam
1174 3906 1214 3952 ae
1227 3885 1331 3952 effica-

154 4182 180 4250 ¹)
199 4183 242 4238 ci.
259 4187 303 4237 De
320 4191 348 4239 to
366 4188 511 4238 recherche
529 4187 563 4236 de
582 4186 609 4234 to
627 4181 719 4236 veriti.
738 4177 804 4235 Par.
824 4183 899 4236 toti.
919 4181 994 4236 1712.
1011 4178 1037 4235 b.

154 4266 181 4340 ²)
202 4272 246 4328 ct.
263 4275 524 4337 tennemonn,
552 4270 687 4338 (btunbtti
713 4273 756 4327 itt
780 4265 866 4338 (beiti.
891 4273 916 4327 b·
939 4265 1110 4340 Dbiteiopbit.
1139 4266 1193 4326 lid.
1213 4265 1330 4326 Wendt.

120 4354 146 4429 δ’
159 4364 248 4520 ἐξ..
269 4453 326 4514 1²18,
343 4453 420 4508 t-e.

154 4541 182 4610 ι)
199 4542 249 4600 ra.
268 4545 327 4608 ns,
345 4545 456 4600 sa-et.

153 4628 179 4698 ⁵)
201 4638 229 4688 ι.
247 4650 276 4699 o.
294 4639 364 4690 104.
383 4644 435 4690 ort
453 4638 503 4690 aa.
521 4633 593 4701 opp.
610 4635 644 4688 'l'-
660 4636 704 4690 ²⁰.
721 4649 751 4702 p.
767 4635 819 4685 tto
835 4647 860 4686 s.
