2926 5168
135 389 184 445 sio
204 402 331 466 quoque
352 402 438 444 unns
459 386 502 444 sit
520 386 643 454 annia,
665 383 738 444 dum
760 402 802 444 eu
825 402 889 445 uuo
912 387 1018 444 omnia
1027 427 1039 461 ,
1066 402 1124 461 per
1145 384 1345 444 substan-

136 494 221 552 tiae
242 492 367 551 scilieet
390 492 619 568 ursitatem;
641 494 674 549 et
692 489 898 550 nihilominus
926 488 1124 549 custodiatur
1146 496 1347 550 oeconomiae

135 606 393 671 mercamentum,
421 614 503 675 mine
535 599 736 654 unitatem
767 599 809 654 in
840 597 1068 654 trinitatem
1101 593 1257 671 disponit,
1279 599 1346 654 tres

136 703 300 779 diriperm,
333 701 484 778 Patrem,
516 706 548 759 ei
576 698 705 769 Fidium,
729 705 761 759 et
787 697 944 775 Spiritum
973 697 1008 758 S.
1043 703 1120 759 Tres
1143 706 1246 760 autem
1266 719 1348 761 non

136 812 269 885 statu,
289 808 350 868 sed
365 812 491 885 pradu5
511 825 584 865 neo
606 805 863 876 substantia,
885 804 945 864 sod
959 807 1091 883 formo‚·
1119 823 1198 865 neo
1225 815 1344 881 pote-

137 918 269 983 state,
298 919 357 973 sed
385 914 509 989 speeie:
537 913 659 971 unius
690 917 794 970 autem
825 906 1117 987 snbstantiad,
1150 920 1189 970 et
1219 915 1347 972 unius

136 1023 287 1091 status,
309 1020 496 1079 etunius
521 1020 772 1094 potestatis:
802 1019 879 1095 puio
910 1034 996 1075 unus
1017 1015 1129 1086 Deus,
1160 1035 1204 1076 ee
1234 1035 1296 1097 qao
1317 1022 1348 1076 et

138 1124 259 1198 aradios
272 1127 328 1184 isti
346 1129 380 1183 et
393 1123 523 1196 formae
541 1132 574 1183 et
588 1124 712 1198 speeies
733 1126 767 1180 in
788 1123 913 1180 norrsine
927 1121 1037 1182 Patris
1056 1127 1089 1180 et
1105 1121 1183 1181 liiii
1198 1131 1230 1182 et
1241 1123 1347 1198 Spiri-

139 1233 188 1288 tus
206 1234 238 1290 S.
254 1229 464 1308 deputantur.¹
482 1225 643 1301 Quomodo
661 1236 767 1286 autem
796 1243 1004 1286 numerum
1026 1230 1120 1286 siue
1143 1229 1348 1286 diuisione

133 1337 313 1412 pariantur,
332 1333 542 1410 procedentes
557 1337 752 1392 retractatus
767 1332 1029 1392 demonstrabunt
1053 1329 1089 1413 ¹).
1114 1365 1150 1377 -
1175 1329 1347 1415 Cypria·

139 1456 231 1501 uus:
252 1439 328 1517 Ipse
344 1435 494 1501 Coriolos
508 1442 621 1513 pentes
634 1436 940 1512 baptizarijnietin
959 1437 1083 1514 piena
1105 1446 1145 1497 et
1164 1436 1348 1496 adunato

143 1543 358 1605 Trinitato
385 1540 424 1623 2).
453 1574 492 1585 —
520 1537 759 1624 Dionysius
786 1537 914 1603 Rom:
946 1540 1039 1601 Itiiuo
1066 1538 1233 1619 (Sabettii)
1254 1544 1289 1601 in
1310 1559 1347 1601 ea

139 1650 285 1709 consistit
303 1650 466 1724 impietae,
496 1651 583 1726 quod
607 1647 693 1706 dictu
714 1646 834 1708 Filium
860 1667 933 1708 esse
954 1647 1103 1724 Patrem,
1135 1652 1168 1706 et
1189 1646 1348 1707 uicissim:

139 1754 186 1814 iiii
218 1758 325 1813 autem
344 1761 412 1812 tres
433 1758 518 1812 Deos
542 1751 768 1832 quodammodo
790 1757 995 1829 praedicant,
1018 1770 1088 1810 oum
1105 1759 1253 1811 sanatam
1270 1752 1346 1810 uni-

138 1863 236 1919 tatem
254 1859 290 1917 in
311 1865 379 1916 tres
397 1856 542 1916 diuersas
570 1859 758 1932 hypostases
777 1865 861 1915 inter
884 1875 921 1914 se
943 1861 1070 1916 sonnino
1093 1855 1244 1916 dividunt.
1275 1853 1347 1914 Ne-

134 1979 231 2022 essse
253 1970 302 2022 est
323 1964 406 2021 enirn
430 1962 612 2021 divinum
640 1959 818 2019 Verbum
838 1960 921 2020 Deo
941 1962 1233 2019 uniuersorum
1255 1977 1349 2018 esse

136 2070 305 2137 unitum,
328 2074 364 2125 et
383 2062 581 2144 Spiritum
603 2071 634 2126 S.
657 2069 700 2124 in
722 2063 804 2125 Deo
826 2083 994 2125 manere
1015 2069 1055 2124 et
1073 2064 1288 2133 inuitare,
1311 2082 1350 2123 aa

123 2172 275 2252 desdam
298 2172 549 2233 Trinitatem
569 2173 611 2229 in
631 2187 759 2240 unum,
782 2172 907 2248 quasi
928 2171 969 2229 in
992 2168 1196 2248 quemdam
1217 2170 1348 2227 oesti-

124 2296 226 2346 aem,
247 2275 350 2335 Deum
365 2277 587 2337 universorum
602 2277 851 2351 omnipotentem,
872 2275 1021 2333 reduci
1043 2277 1081 2332 ot
1101 2268 1348 2349 55111913).-

122 2376 343 2444 Hilarius:
366 2380 581 2456 Baptiuoutur
604 2382 639 2437 in
667 2381 796 2438 nomine
813 2378 924 2438 Putris
946 2383 977 2436 et
996 2375 1072 2436 uror
1089 2386 1121 2436 et
1145 2379 1283 2451 Spiritus
1301 2383 1349 2453 8.,

119 2492 181 2558 mi,
203 2503 372 2573 quorum
393 2490 461 2544 est
479 2503 561 2545 uno
583 2484 823 2559 diviuitas,
852 2485 896 2541 sit
924 2502 990 2543 unu
1011 2480 1159 2560 largiti&
1179 2498 1349 2541 nomen·

124 2609 214 2670 que
240 2589 473 2651 Trinitatis
493 2607 601 2649 auus
632 2587 827 2648 aarum
849 2585 887 2668 4).
919 2619 958 2632 -
990 2581 1262 2647 Ambrosius:
1285 2590 1350 2645 Nos

119 2694 267 2759 Patren
287 2701 320 2754 et
336 2695 452 2756 uitium
468 2703 500 2756 et
512 2691 670 2769 Spiritum
683 2692 717 2754 S.
737 2695 922 2771 eonfitemur
929 2713 944 2769 ,·
964 2694 1013 2750 ita
1034 2697 1072 2749 ut
1086 2693 1122 2749 in
1146 2690 1351 2750 Trinitate

119 2802 333 2878 perfecta
355 2805 394 2859 et
411 2777 635 2877 plenitudo
655 2802 714 2858 sit
734 2799 996 2866 diuinitatis,
1019 2800 1060 2857 et
1076 2797 1223 2856 unitas
1241 2802 1349 2875 poto-

120 2909 269 2967 statis
296 2902 331 2984 5).
355 2939 390 2950 -
423 2902 720 2984 Hieronymus:
754 2903 1025 2977 Termerpimur,
1049 2906 1086 2959 ut
1118 2899 1351 2961 Trinitatis

122 3027 257 3071 unam
278 3015 436 3088 appareat
454 3013 785 3069 Sacramentum.
819 3012 862 3068 st
883 3024 949 3066 non
970 3006 1169 3085 baptizamur
1190 3009 1224 3065 in
1244 3010 1350 3066 nomi·

122 3116 231 3181 mons
251 3114 376 3193 Patris,
399 3120 431 3174 et
446 3114 534 3185 uua,
557 3120 589 3174 et
604 3116 742 3188 Spiritus
759 3110 804 3183 S„
829 3112 938 3172 sedin
951 3131 1028 3175 uno
1050 3113 1227 3188 nornine,
1250 3112 1353 3189 quod

125 3219 409 3296 inteiiipitur
428 3220 544 3283 Deus
565 3226 604 3290 ⁶).
633 3253 669 3262 -
692 3215 975 3301 Augustinus:
999 3216 1184 3288 Credimus,
1207 3226 1240 3278 et
1256 3222 1348 3278 tene-

124 3345 229 3394 mus,
253 3330 285 3384 et
300 3323 438 3404 fideliter
455 3324 695 3402 praedicamus,
728 3324 814 3402 quod
831 3327 926 3383 Pater
944 3327 1093 3398 petiuerit
1112 3320 1269 3392 Verbum,
1290 3323 1349 3387 ltoo

119 3423 196 3503 ¹251,
219 3431 424 3510 Wentian,
443 3449 504 3506 per
521 3448 617 3509 quam
633 3432 723 3506 foeta
748 3434 827 3489 sunt
849 3433 970 3500 amnia,
1001 3430 1198 3503 unipeninun
1218 3429 1348 3506 Filium,

126 3551 249 3597 senus
268 3550 401 3604 uursm,
424 3538 632 3594 aeternus
654 3538 1010 3610 coaeternum,
1041 3550 1191 3592 summe
1219 3535 1347 3594 bouus

127 3635 386 3715 aequaliter
418 3641 582 3712 ionum:
615 3638 758 3718 siquod
784 3635 927 3716 Spiritus
953 3642 986 3699 S.
1017 3640 1114 3698 simui
1137 3643 1169 3697 et
1185 3639 1297 3702 Patris
1317 3649 1350 3700 et

129 3741 448 3818 Filiisitspiritus,
474 3744 598 3820 etipse
621 3741 1008 3804 consubstantialis
1038 3746 1070 3802 ot
1098 3749 1348 3807 coaeternus

173 3989 200 4050 ¹)
219 3991 284 4040 Ado.
302 3990 387 4039 Prae·
406 4005 431 4041 n.
452 3987 571 4054 2011)).
590 3988 625 4041 V.
642 3990 670 4040 2.
688 4003 716 4054 ρ.
735 3991 795 4042 105.
814 3990 856 4043 cf.
875 4007 902 4043 m
926 3994 970 4043 12.
988 4003 1014 4055 p.
1036 3991 1086 4042 oto
1103 4006 1127 4043 s.

89 4094 93 4099 ’
167 4073 199 4143 ⁸)
217 4081 305 4137 nour.
325 4081 373 4129 13.
392 4081 429 4128 ud
444 4077 540 4135 taisi.
560 4094 587 4128 n.
607 4081 656 4129 12.
674 4077 744 4143 opp.
763 4077 797 4129 V.
815 4081 844 4130 1.
862 4094 886 4146 p.
905 4082 967 4133 222.

169 4163 196 4232 ³)
214 4169 301 4225 Epist.
319 4175 390 4218 oont.
408 4167 513 4223 sasso.
538 4166 589 4231 Ap.
619 4166 796 4219 Athanes.
820 4173 862 4220 De
888 4175 955 4230 son.
981 4167 1047 4222 Nic.
1066 4175 1141 4224 deor.
1161 4189 1188 4224 n.
1207 4176 1257 4225 26.
1275 4170 1345 4238 Opp·

142 4255 340 4320 uuum.

171 4341 198 4408 4)
217 4344 317 4394 Gomm.
336 4347 365 4395 in
382 4324 476 4395 Matri.
495 4356 521 4394 o·
539 4347 588 4394 33.
608 4360 634 4396 n.
653 4349 682 4397 3.
701 4343 772 4411 Opp.
790 4346 824 4399 Τ.
844 4349 867 4397 1.
887 4360 913 4401 ο.
931 4349 989 4398 811.
1008 4347 1053 4401 Cf.
1070 4353 1103 4401 Io
1121 4354 1166 4401 us.
1186 4353 1253 4400 122.
1273 4367 1296 4400 n.
1319 4354 1346 4400 7.

142 4433 170 4484 Τ.
190 4435 213 4484 1.
232 4445 257 4484 o.
276 4433 326 4482 11112
343 4447 367 4482 s.
384 4436 426 4484 De
445 4434 539 4483 Trinit.
557 4436 575 4483 t.
592 4437 622 4484 4.
640 4450 667 4484 n.
684 4438 735 4486 42.
755 4435 787 4488 Τ.
804 4438 832 4488 2.
851 4448 874 4486 o.
896 4438 940 4489 lot
962 4453 985 4487 s.

172 4515 197 4583 5)
215 4524 258 4573 De
273 4525 319 4580 tid.
337 4527 355 4572 1.
376 4526 403 4573 1.
422 4537 448 4573 e.
472 4527 495 4572 1.
514 4539 541 4575 n.
564 4528 611 4576 ro.
630 4521 701 4588 Opp.
720 4524 753 4577 Τ.
771 4527 796 4575 2.
818 4537 841 4575 o.
858 4526 952 4579 1251.

171 4605 197 4673 ⁶)
214 4613 247 4662 In
264 4612 350 4671 Epist.
368 4615 406 4662 od
421 4615 520 4672 Epies.
537 4616 566 4674 4,
586 4617 669 4666 5—6.
688 4612 758 4682 Opp·
777 4614 808 4666 Τ.
826 4618 852 4669 t.
871 4629 896 4670 o.
915 4617 975 4671 oto.
