2926 5168
208 229 270 296 100

206 380 297 446 Unde
317 380 401 446 sicut
413 401 477 444 non
497 379 604 467 magni
625 376 756 466 ingenii,
780 380 838 442 sed
862 398 998 467 magnae
1018 378 1169 444 stultitiae
1187 389 1415 469 argumentum

207 487 308 561 soret,
339 507 379 550 ea
398 485 536 551 scrutari
562 483 740 558 curiosius,
771 505 850 569 quae
870 505 995 549 omnem
1017 484 1133 549 mentis
1157 495 1289 550 nostrae
1310 483 1415 549 aciem

207 591 376 680 effugiunt.
398 592 444 655 ita
464 602 554 654 esset
585 589 704 676 ingrati
733 599 765 652 et
782 589 910 652 hebetis
930 589 1043 666 animi,
1066 610 1105 653 ne
1124 589 1199 654 illud
1222 589 1353 676 quidem
1371 588 1416 653 in·

206 696 372 784 telligere,
396 696 480 781 quod
499 714 598 758 nosse
620 695 727 758 datum
745 705 795 756 est
817 694 919 758 nohis.
950 695 1036 759 Sane
1059 694 1156 774 enim,
1177 695 1364 780 sisparsos
1382 693 1416 756 in

105 872 110 878 ,
208 801 242 863 S.
260 800 427 885 Scriptura
446 809 480 862 et
495 797 704 872 Traditione,
728 810 821 883 atque
838 819 947 862 rerum
969 811 1083 864 natura
1097 799 1209 866 radios
1225 798 1416 887 diligentius

206 904 409 991 colligimus,
432 925 502 968 eam
529 902 658 988 assequi
685 923 858 986 possumus
884 903 982 969 divini
1006 904 1155 970 Numinis
1185 903 1417 990 cognitionem,

207 1030 287 1095 quae
311 1007 594 1097 peregrinantibus
619 1007 650 1071 in
678 1009 739 1072 hac
757 1020 846 1072 terra
871 1007 1008 1084 sufficit,
1036 1021 1104 1073 tum
1123 1011 1164 1074 ad
1185 1019 1327 1072 mentem
1346 1007 1418 1071 illu·

207 1115 391 1188 strandum,
413 1125 479 1176 tum
504 1113 544 1175 ad
568 1111 697 1176 virtutis
724 1113 862 1177 studium
889 1115 1160 1198 promovendum,
1190 1125 1259 1178 mm
1286 1113 1330 1177 ad
1358 1133 1419 1177 cor

206 1218 483 1305 tranquillandum.
513 1217 558 1280 Et
581 1217 728 1303 quamvis
747 1218 868 1282 claram
888 1218 1018 1282 omnino
1043 1218 1136 1283 uobis
1161 1217 1326 1282 notionem
1350 1215 1418 1280 Dei

209 1322 403 1398 ellormare,
434 1335 529 1407 atque
559 1341 661 1407 neque
687 1322 895 1386 consiliorum
928 1322 1097 1399 ambitum,
1126 1342 1229 1408 neque
1255 1320 1420 1386 internam

206 1427 364 1492 rationem
388 1449 523 1512 prorsus
544 1426 733 1511 perspicere
752 1428 933 1492 valeamus:
961 1439 1067 1492 tamen
1088 1425 1317 1513 intelligimus,
1341 1446 1418 1512 qua-

206 1531 244 1594 lis
257 1533 348 1599 Deus
367 1531 569 1618 cogitandus,
591 1532 644 1596 vel
658 1530 775 1615 potius,
800 1531 901 1617 qualis
916 1530 1105 1618 cogitandus
1121 1553 1184 1596 non
1201 1530 1253 1598 sit.
1276 1531 1375 1611 Quod

287 1639 327 1706 A.
350 1635 505 1701 revelatio
529 1635 635 1699 divina
657 1658 720 1700 non
743 1646 867 1700 tantum
890 1657 928 1700 eo
948 1634 1055 1710 tradit,
1077 1635 1224 1722 quoniam
1245 1635 1342 1700 nobis
1360 1656 1418 1701 no·

208 1742 328 1806 tionem
353 1739 417 1805 Dei
447 1743 578 1825 ejusque
605 1739 833 1805 attributorum
856 1741 1057 1825 suppeditat.
1090 1747 1141 1806 eui
1169 1745 1247 1805 dene
1271 1746 1419 1824 facimus

207 1850 411 1918 attendentes,
431 1851 523 1928 pansi
550 1849 667 1909 lucenti
687 1853 721 1909 in
743 1849 916 1926 caliginera
938 1849 1004 1911 leco
1026 1846 1070 1930 ¹),
1093 1857 1126 1910 et
1147 1867 1226 1932 quae
1245 1845 1421 1910 manilesle

206 1951 311 2016 inanis
338 1962 429 2016 esset
457 1971 496 2015 ac
515 1971 615 2025 vana,
647 1949 675 2014 si
698 1971 789 2015 mens
814 1962 927 2016 nostra
950 1953 991 2015 ad
1017 1952 1123 2015 Deum
1150 1950 1417 2039 cognoscendum

207 2077 341 2139 prorsus
362 2078 425 2121 non
449 2068 538 2120 esset
560 2067 650 2142 apta3
680 2058 738 2121 sed
763 2067 796 2120 et
815 2055 955 2120 delinitis
979 2056 1090 2120 verbis
1111 2057 1216 2130 docet,
1239 2055 1417 2130 hominem,

208 2162 304 2226 etiam
329 2163 564 2248 supernaturali
581 2163 781 2227 revelatione
809 2161 1015 2237 destitutum,
1049 2163 1090 2224 ad
1113 2160 1332 2249 coguitionem
1356 2159 1419 2226 Dei

208 2289 249 2332 ex
275 2267 533 2334 consideratione
560 2271 629 2353 ejus
656 2289 790 2353 operum
813 2267 985 2354 pervenire
1010 2288 1130 2351 posse,
1162 2278 1257 2352 atque
1287 2265 1418 2331 nonnisi

159 2457 160 2462 ἵ
208 2385 348 2438 mentem
373 2374 533 2458 pravitate
559 2375 770 2439 obcoecatam
795 2373 944 2458 inopere
964 2371 1122 2437 artificem
1145 2391 1208 2435 non
1236 2370 1417 2456 deprehen·

208 2478 295 2552 dere,
312 2479 357 2542 ita
379 2490 414 2542 ut
435 2491 607 2563 propterea
629 2498 723 2542 nemo
747 2478 790 2542 sit
812 2477 1016 2544 excusabilis.
1040 2478 1147 2542 Docet
1168 2476 1230 2540 hoc

291 2603 320 2651 a.
342 2581 508 2659 Paulus,
532 2583 670 2670 gentiles
693 2585 947 2668 reprehendens,
970 2588 1024 2666 qui
1044 2587 1208 2646 nodatam
1229 2583 1292 2644 Dei
1312 2585 1350 2644 in
1370 2585 1416 2644 in·

201 2693 332 2768 justitia
354 2691 534 2751 detineant:
567 2694 642 2771 quin
664 2691 751 2771 pund
775 2701 885 2752 notum
907 2697 955 2752 eat
974 2691 1055 2761 Dei,
1084 2691 1292 2764 manifestum
1314 2694 1366 2749 ert
1384 2691 1418 2749 in

208 2797 282 2856 tltts.
304 2795 397 2855 Deua
418 2797 500 2854 enim
522 2796 587 2855 illio
608 2798 834 2871 manifectaoit.
863 2797 955 2856 Invi
962 2793 1063 2855 aaliz
1070 2800 1108 2855 ia
1129 2797 1214 2855 enim
1234 2795 1377 2872 ipsius
1398 2812 1418 2853 a

209 2910 363 2961 ereatura
384 2900 510 2972 mundi,
535 2919 594 2976 per
616 2920 668 2969 ea,
692 2903 996 2981 pudefactorum,
1018 2900 1237 2971 intellecta,
1259 2901 1414 2978 conopi-

210 3007 397 3066 eiuntur:
418 3007 611 3085 sempiterna
633 3025 757 3086 quoque
777 3008 848 3082 ejus
868 3008 1005 3066 virtus
1027 3009 1060 3065 et
1078 3003 1296 3064 divinitas.-
1317 3009 1364 3065 ila
1383 3009 1419 3066 ul

209 3115 276 3171 sim
291 3110 579 3183 inexcusabilem.
601 3109 708 3193 Atque
726 3106 848 3192 pariter
865 3105 897 3170 in
918 3108 1091 3195 Areopago
1114 3104 1291 3192 disputans,
1321 3125 1414 3192 quum

212 3210 273 3274 ait:
303 3213 458 3294 Feeilque
490 3213 613 3296 (Deus)
654 3235 698 3276 ω)
731 3235 794 3276 ono
826 3234 916 3276 omne
946 3233 1053 3293 penus
1081 3217 1252 3274 humanum
1288 3215 1416 3275 initali-

212 3330 283 3381 tare
304 3340 402 3396 super
425 3322 544 3398 faeiem
574 3331 689 3392 terrae,
718 3321 872 3399 definiens
899 3325 1018 3382 statuta
1038 3325 1197 3398 temporo,
1218 3322 1249 3378 et
1268 3322 1415 3378 immines

211 3426 416 3486 habitationis
438 3444 564 3498 eorum,
593 3445 789 3506 quaerere
818 3426 958 3499 Deum,
986 3431 1020 3485 si
1046 3429 1164 3504 forte
1186 3427 1417 3486 attrectent

212 3549 313 3602 eum,
336 3536 410 3589 aut
433 3533 670 3610 inveniant,
705 3536 849 3612 quamvis
877 3551 941 3591 non
969 3531 1063 3608 lotape
1091 3533 1135 3591 ait
1158 3530 1198 3591 od
1227 3546 1415 3611 unopteepue

212 3639 363 3696 nostrum.
389 3635 430 3695 In
450 3638 519 3713 ipso
541 3639 624 3697 enim
645 3639 798 3711 vivimus,
830 3655 990 3697 movemur
1019 3641 1185 3697 etaemus
1213 3639 1253 3708 8).
1289 3628 1418 3696 Doceat

214 3758 312 3821 porro
334 3737 422 3802 idem

297 3843 328 3910 b.
351 3843 412 3906 SS.
436 3843 592 3909 Patres.
620 3845 677 3910 sic
707 3844 900 3911 Clemens
934 3845 1058 3909 Alex:
1090 3842 1269 3926 Universa,
1308 3838 1426 3932 inquit,

212 3955 324 4029 generi
350 3951 505 4022 lornano.
533 3958 705 4034 praecipue
731 3973 805 4014 vero
834 3953 917 4027 illio,
950 3955 1003 4035 qui
1031 3955 1067 4013 in
1095 3953 1210 4012 studiie
1240 3956 1422 4015 tttteramm

215 4057 333 4116 aereoli
354 4062 439 4130 suot,
466 4058 607 4120 divino
623 4066 821 4140 quaedam
841 4059 1110 4119 seminarunt
1128 4056 1371 4119 instillata:
1396 4073 1460 4115 r-

216 4162 329 4242 qm'dus
350 4164 450 4239 soleri
476 4161 528 4227 vel
549 4168 644 4227 inviti
673 4170 705 4225 et
730 4165 925 4226 reluctanter
952 4171 1128 4241 coquntur,
1160 4163 1246 4244 quod
1270 4181 1357 4224 unua
1375 4165 1460 4223 rlffl

217 4330 467 4350 w.

251 4421 274 4489 ¹)
292 4426 319 4477 2.
337 4427 414 4478 Patr.
433 4427 458 4486 l,
477 4426 518 4475 19.

250 4514 276 4577 ²)
293 4518 376 4570 Rom.
395 4519 419 4578 1,
440 4515 549 4566 18-20.

249 4597 274 4665 ³)
293 4606 355 4657 net.
376 4605 417 4666 17,
436 4605 545 4656 ao-as.
564 4602 604 4657 ct.
622 4605 672 4660 Pe.
690 4603 732 4668 la,
752 4607 777 4661 ι,
793 4608 836 4673 ta,
856 4610 880 4660 ι.
