2926 5168
209 367 361 432 Attamen
392 388 455 432 non
478 380 553 431 sunt
574 367 694 435 haecce
720 368 814 439 talia,
837 386 919 452 qnae
942 387 1013 431 cunr
1036 366 1141 432 divina
1163 369 1332 452 providen-

126 471 169 536 tis
191 473 342 558 componi
364 495 428 538 non
450 474 794 558 possint;licetl1des
820 473 851 537 in
884 485 1090 537 antecessum
1120 476 1331 558 persuasissi-

126 598 213 641 mum
242 579 375 657 habeat,
405 581 556 646 mnndum
577 601 639 644 non
662 579 864 644 obstantibus
878 577 941 641 illis
975 579 1066 641 malis
1090 591 1184 664 atque
1206 581 1261 645 illa
1287 581 1331 645 se·

126 681 256 748 licitatio
280 683 553 748 disconvenientia
586 704 661 747 esse
697 684 767 747 Deo
804 681 958 766 provido,
990 683 1245 766 sapientissimo,
1278 688 1331 751 be·

125 788 316 872 dignissimo
338 810 377 855 ac
399 789 605 856 sanctissimo
634 789 867 877 dignissimum.

207 893 301 973 Quod
327 897 392 978 jam
424 894 526 978 primo
558 896 597 958 ad
629 894 835 959 existentiam
865 893 937 958 mali
960 894 1092 958 moralis
1124 915 1182 959 seu
1204 897 1330 981 peccati

124 996 251 1064 attinet:
274 999 355 1066 haec
377 1000 487 1074 exiis,
510 1020 592 1084 quae
614 1020 712 1083 supra
735 1000 775 1062 de
806 999 900 1062 modo
933 1000 1132 1085 gubernandi
1176 1002 1327 1066 mundum

123 1104 279 1169 moralem
302 1104 550 1190 disputavimus,
582 1126 719 1188 prorsus
746 1105 862 1168 nullam
889 1105 973 1187 parit
995 1103 1225 1170 difficultatem.
1247 1107 1332 1172 Nam

123 1209 215 1273 Deus
243 1225 410 1294 peccatum
435 1232 498 1275 non
524 1208 642 1291 efficit,
665 1211 723 1272 sod
751 1221 874 1274 tantum
892 1210 1066 1294 permittit,
1090 1211 1185 1295 idque
1203 1212 1330 1276 solum-

124 1314 221 1377 modo
242 1327 433 1400 propterea,
457 1313 605 1400 quoniam
625 1333 721 1379 secus
750 1314 869 1378 homini
901 1315 1083 1378 libertatern
1114 1314 1268 1390 adimere,
1299 1328 1332 1380 et

123 1417 197 1483 ideo
220 1422 304 1483 omni
322 1420 475 1506 dignitate
493 1439 566 1483 eum
578 1439 698 1483 exuere
735 1421 885 1492 deberet3
906 1419 961 1483 illa
980 1418 1064 1483 enim
1084 1419 1244 1491 instructi,
1280 1443 1331 1485 su·

124 1541 197 1584 mus
215 1521 375 1587 actionum
393 1535 578 1587 nostrarum
599 1522 741 1594 domini,
765 1522 805 1585 ad
822 1522 1026 1587 honestatem
1045 1544 1084 1589 ac
1102 1522 1255 1588 virtutem
1283 1545 1333 1593 se·
1407 1577 1411 1583 .

123 1626 272 1690 ctandam
287 1626 415 1703 idonei,
438 1627 490 1694 eui
509 1627 691 1691 absolutum
705 1625 790 1690 inest
808 1625 963 1710 pretium,
987 1640 1020 1692 et
1038 1649 1097 1712 pen
1122 1628 1205 1692 hanc
1223 1630 1264 1692 ad
1288 1629 1333 1695 le.

123 1732 277 1796 licitatem
294 1732 371 1797 eniti
387 1753 561 1817 possumus
587 1731 844 1797 inenarrabilem.
874 1732 998 1810 Quodsi
1026 1744 1133 1797 autem
1158 1731 1251 1797 liberi
1280 1755 1332 1796 su·

123 1857 211 1900 mus:
233 1836 432 1919 possibilitas
455 1857 474 1900 a
494 1849 606 1901 nostro
618 1835 681 1900 fine
704 1837 875 1900 aberrandi
905 1856 965 1900 seu
978 1836 1128 1920 peccandi
1147 1839 1240 1903 nobis
1257 1839 1333 1908 dats

125 1941 168 2006 sit
189 1961 330 2006 necesse
353 1953 426 2026 est3
450 1942 531 2006 haec
554 1941 638 2006 enirn
654 1944 693 2005 ad
717 1953 863 2005 naturam
885 1941 968 2004 entis
990 1940 1159 2005 rationalis
1180 1942 1262 2007 finiti
1280 1965 1333 2011 ne-

121 2045 267 2110 cessario
290 2047 445 2131 pertinet,
469 2058 503 2110 et
518 2048 558 2110 ab
575 2047 654 2128 pillo,
684 2045 832 2132 quamdiu
871 2045 903 2109 in
934 2045 1188 2129 praeparationis
1223 2048 1328 2113 stadio

122 2163 291 2226 versatur,
313 2153 431 2216 abesse
449 2173 586 2237 prorsus
605 2173 666 2215 non
683 2162 799 2235 potest.

204 2257 318 2337 Quoad
336 2257 420 2321 mala
440 2258 576 2342 physica
594 2256 721 2320 veroin
740 2256 856 2318 mundo
866 2255 1103 2319 observandum
1121 2266 1191 2319 est:

207 2367 234 2429 1.
255 2363 375 2427 Malum
394 2383 494 2447 saepe
509 2383 572 2426 non
591 2374 657 2433 est,
689 2360 772 2445 quod
795 2360 911 2423 malum
942 2358 1036 2422 nobis
1074 2359 1106 2422 in
1144 2360 1330 2445 praeseutia
1440 2368 1443 2373 ’

123 2485 200 2530 esse
217 2464 363 2540 videtum
386 2467 460 2552 quin
489 2466 553 2529 imo
570 2484 651 2550 quae
675 2463 817 2539 anobis,
838 2464 1052 2550 caligantibus
1072 2464 1175 2530 oculis
1188 2485 1245 2528 res
1261 2484 1334 2529 con·

122 2569 360 2657 templautibus,
383 2573 467 2636 mala
483 2583 537 2635 ant
550 2570 663 2634 nociva
678 2568 921 2643 existimantur,
945 2569 985 2632 ad
1003 2579 1102 2633 totam
1120 2590 1231 2634 rerum
1247 2589 1333 2635 com·

120 2694 240 2762 pagem
254 2676 375 2750 relata,
400 2686 474 2738 sunt
489 2672 692 2746 necessaria,
716 2683 749 2735 et
767 2692 831 2735 non
869 2691 945 2736 raro
969 2674 1133 2738 nobismet
1158 2673 1238 2758 ipsis
1260 2693 1331 2759 pro-

120 2779 206 2845 licua
223 2780 258 2864 ¹).
280 2780 396 2844 Omnia
415 2779 499 2845 enim
525 2778 609 2842 inter
630 2797 666 2841 se
683 2775 851 2862 aptissime
862 2789 936 2841 sunt
953 2799 1116 2855 connexa,
1138 2790 1327 2853 nosautem,

123 2885 175 2966 qui
190 2895 293 2949 toturn
314 2885 502 2971 perspicere
531 2904 595 2946 non
618 2903 812 2965 possumus,
843 2882 1045 2948 deformitate
1071 2884 1209 2968 partium
1235 2883 1328 2949 facile

120 2988 332 3064 offendimur,
355 2987 522 3053 assimilati
546 2987 595 3060 iis,
619 2986 672 3071 qui
703 2987 861 3051 intrantes
885 2986 1047 3054 officinam
1072 2990 1207 3073 alicujus
1231 2990 1327 3054 artili-
1426 3074 1428 3078 ⁴
1459 3069 1462 3074 ‚

122 3094 170 3160 cis
188 3094 350 3159 rationem
373 3114 411 3158 ac
436 3114 529 3156 usum
552 3098 715 3154 variorum
729 3091 1015 3158 instrumentorum
1029 3094 1114 3158 haud
1128 3095 1322 3182 intelligunt,

120 3211 177 3264 aut
196 3198 249 3284 qui
270 3200 382 3286 legere
404 3198 589 3264 nescientes
605 3208 805 3261 monstrosas
823 3197 942 3261 formas
964 3199 1142 3264 litterarum
1163 3199 1196 3263 in
1218 3202 1328 3266 charta

120 3305 321 3392 depictarum
340 3304 454 3369 rident.
477 3303 637 3387 Displicet
653 3322 730 3366 sane
748 3303 957 3389 colorniger‚
980 3304 1088 3368 sedin
1108 3305 1234 3388 picture
1254 3324 1327 3374 cum

121 3422 193 3476 toto
206 3410 339 3494 pulcher
358 3420 411 3473 est
431 3415 469 3490 ²).

203 3521 233 3582 2.
255 3515 291 3578 ln
306 3515 440 3589 mundo,
462 3513 494 3577 in
514 3535 575 3600 quo
592 3525 710 3601 regnat
736 3526 928 3598 peccatum,
960 3512 1042 3576 mala
1072 3512 1208 3600 physica
1235 3536 1325 3598 pror-

120 3643 178 3685 sus
194 3631 269 3684 sunt
283 3619 490 3694 necessaria,
512 3619 629 3703 partim
646 3620 686 3682 ad
699 3617 844 3682 homines
861 3631 1036 3701 peccantes
1054 3618 1243 3703 puniendos,
1251 3639 1324 3703 par·

119 3726 178 3791 tim
199 3726 238 3790 ad
269 3745 327 3789 eos
355 3724 570 3789 emendandos
598 3735 632 3788 et
658 3725 698 3786 ad
730 3722 844 3787 altiora
874 3723 1076 3797 evehendos,
1100 3742 1195 3808 quum
1218 3723 1321 3788 virtus

120 3833 290 3896 dumtaxat
305 3850 364 3915 per
381 3829 473 3896 varia
490 3849 600 3893 rerum
624 3826 806 3893 discrimina
816 3839 1010 3893 exerceatur
1023 3847 1062 3892 ac
1078 3826 1265 3912 perficiatur
1287 3835 1326 3909 ³).

120 3935 270 4022 Denique
1317 3993 1320 3999 .

202 4045 231 4110 3
252 4040 349 4106 etiam
368 4040 430 4105 hoc
444 4061 508 4104 non
527 4051 579 4104 est
594 4040 932 4124 praetermittendum,
954 4040 986 4104 in
1006 4040 1123 4104 mundo
1149 4048 1261 4102 creato
1279 4036 1330 4101 nil,

117 4144 266 4211 absolute
281 4144 460 4229 perfectum
477 4164 552 4208 esse
567 4164 675 4227 posse.
685 4143 900 4229 Quaecunque
918 4146 1016 4208 aDeo
1036 4143 1120 4208 lacta
1131 4152 1215 4215 sunt,
1237 4141 1321 4204 bona

152 4333 175 4400 ¹)
194 4333 235 4386 ct.
255 4334 321 4401 Sap.
341 4334 366 4394 1,
386 4335 425 4384 11.
446 4334 487 4384 11.
504 4334 555 4386 Ps.
574 4333 763 4398 Prosper,
784 4335 873 4385 carm.
892 4335 1036 4393 deprould.
1050 4331 1122 4398 Opp,
1143 4332 1324 4388 ο.185-821

114 4421 284 4476 Amores.
303 4425 472 4475 1111111111.
493 4426 521 4474 1.
540 4437 564 4473 c.
583 4426 612 4474 8.
629 4439 655 4475 a.
674 4426 725 4475 31.
743 4429 762 4475 1.
780 4428 808 4474 3.
827 4439 852 4473 o.
872 4429 901 4473 9.
919 4422 990 4489 Opp,
1009 4422 1041 4474 T.
1064 4426 1085 4474 l.
1104 4437 1130 4476 o.
1149 4425 1189 4474 te.
1207 4423 1284 4477 171.
1302 4443 1303 4447 ¹

152 4506 178 4572 ¹)
196 4515 271 4579 Aug
284 4509 405 4562 ustio,
423 4515 465 4562 De
481 4512 566 4563 ordin,
585 4513 604 4561 1.
625 4512 652 4560 1.
670 4525 694 4563 c.
715 4515 742 4564 1.
760 4510 832 4576 Opp,
853 4511 886 4564 T.
906 4514 932 4563 2.
949 4525 974 4564 c.
993 4514 1055 4565 322.

152 4595 177 4665 ³)
197 4599 241 4660 cf.
259 4599 412 4666 Origene.
432 4603 505 4656 Cant.
524 4603 596 4652 cela.
613 4606 634 4656 1.
654 4605 682 4655 6.
700 4618 727 4656 n.
744 4605 794 4659 44.
813 4600 883 4668 Opp,
902 4602 936 4655 T.
955 4605 979 4654 1.
996 4616 1024 4675 p,
1041 4605 1100 4661 6111.
