2926 5168
126 222 187 289 170

123 394 271 455 ordine
291 400 395 467 sunt,
419 396 488 475 pei
510 402 649 457 certus
671 402 736 456 eet
754 395 853 464 Deo,
887 395 1063 473 ejusque
1083 392 1330 467 praeseien-

123 501 187 560 tia
206 500 472 580 centiaeter;
502 505 691 581 queniam
723 506 764 560 et
781 500 981 562 humanae
1001 500 1248 557 euiaaietee
1269 497 1332 556 ier·

123 622 337 666 manorum
359 624 524 682 operam
546 625 705 668 aeaeae
724 600 829 668 suat.
852 603 988 684 Atque
1008 603 1067 664 ite
1088 619 1245 681 aranee,
1269 605 1332 684 qai

122 728 254 769 amaea
274 728 410 771 rerum
430 730 590 771 eaesae
608 711 860 788 praescivit,
878 707 1085 787 prefectu
1106 707 1229 767 ineis
1246 722 1333 767 eae·

124 815 188 874 eie
215 815 336 874 etiam
367 820 540 878 nestrae
566 817 804 878 voluntates
833 818 1033 894 ippurare
1059 831 1139 874 aee
1171 813 1331 890 peterit,

124 936 228 999 qaae
249 937 411 996 operam
432 927 667 982 aestrorum
689 940 851 981 eaesae
871 937 967 981 esee
983 916 1333 996 praeseieit¹).—

123 1020 246 1105 Atque:
266 1023 342 1085 Nun
364 1028 512 1087 continue
535 1033 570 1086 ta
587 1045 726 1105 peecare
746 1044 900 1103 caperes,
922 1042 1016 1103 praem
1033 1026 1245 1101 pacem
1266 1038 1334 1082 esee

121 1131 303 1204 praescires
307 1150 323 1208 ,·
357 1149 460 1211 neque
494 1134 566 1209 ipsa
589 1133 808 1210 praescientia
842 1135 898 1190 tua
927 1146 1063 1208 peecare
1094 1146 1169 1189 eam
1200 1131 1333 1204 reperet,

123 1237 270 1314 quamvis
283 1238 355 1295 circe
376 1238 469 1296 dudio
486 1245 683 1315 peccaturus
707 1240 810 1296 esset:
833 1252 897 1294 reon
918 1236 1002 1294 enda
1024 1235 1120 1294 aliter·
1137 1230 1177 1291 id
1185 1232 1334 1311 seierum

123 1345 399 1419 eseepraesciree.
420 1341 712 1421 Sicelidaqee
732 1341 908 1400 nonsibi
930 1340 1216 1399 adversantur
1237 1338 1333 1396 itaer

123 1443 209 1517 deo,
231 1448 580 1522 utpreeaeientia
601 1423 669 1506 tea
690 1446 880 1513 noveris,
904 1443 1015 1525 qaod
1033 1442 1152 1504 eiius
1174 1459 1251 1502 aaa
1272 1459 1333 1501 ee·

124 1554 288 1610 taeniate
304 1552 506 1630 facturus
527 1556 598 1611 est:
630 1553 691 1611 ita
711 1548 823 1611 Deae
844 1551 1037 1610 neminem
1057 1548 1108 1609 ad
1124 1550 1334 1628 peceatum

122 1673 278 1732 capena,
297 1656 520 1731 praevidet
538 1662 674 1716 tamen
695 1674 784 1726 eea,
816 1658 885 1736 qui
913 1656 1099 1731 proprie
1120 1652 1334 1714 voluntate

119 1764 358 1840 peccabant.
392 1794 432 1806 -
459 1757 504 1822 lit
542 1779 675 1820 rursus:
706 1764 822 1821 Sieet
850 1764 893 1819 ta
921 1763 1126 1819 memoria
1154 1761 1227 1818 tae
1257 1772 1334 1816 aaa

124 1867 372 1942 eopiefaeta
393 1884 494 1936 cese,
518 1885 622 1946 quae
640 1865 989 1943 praeterierunt:
1009 1865 1073 1923 aie
1092 1862 1201 1923 Deae
1220 1877 1334 1938 pree·

122 1972 315 2030 seientia
334 1989 413 2031 erra
433 1989 514 2031 aton
536 1975 649 2048 eupit
664 1970 875 2048 facienda,
898 1970 1170 2048 qaaesaiura
1187 1961 1336 2048 esav).

121 2077 250 2135 Praeter
279 2077 413 2154 reliquus
446 2074 485 2158 ³).
517 2111 555 2122 -
579 2077 747 2134 Caeterum
776 2075 848 2134 iicet
882 2074 975 2132 etiam
1004 2080 1138 2150 angusta
1172 2081 1203 2132 et
1236 2073 1341 2131 tenuis

122 2198 209 2238 utens
231 2190 346 2250 nostra,
369 2181 457 2256 hujus
480 2183 655 2259 argumenti
676 2180 808 2257 pondere
831 2195 1000 2255 oppressa,
1023 2178 1259 2246 succumberet,
1282 2194 1341 2237 uec

124 2287 200 2344 satis
222 2286 332 2364 liquide
355 2288 391 2346 ab
415 2307 449 2346 eo
473 2306 507 2346 se
529 2295 635 2363 posset
657 2286 823 2362 expedire:
854 2302 914 2343 uuu
936 2284 1050 2343 ideirco
1073 2292 1176 2343 tamen
1198 2282 1358 2362 neganda

122 2391 202 2449 foret
224 2383 274 2448 aut
296 2393 354 2450 Dei
376 2393 581 2468 praescientia
603 2392 697 2450 futuri
721 2391 917 2458 certissima,
948 2397 999 2448 aut
1030 2388 1163 2448 hominis
1197 2388 1358 2465 expedita

122 2496 259 2566 libertas,
281 2495 398 2572 quando
422 2497 539 2573 quidem
562 2507 720 2573 utramque
748 2496 832 2555 clare
862 2513 897 2554 ac
928 2496 1060 2555 disserte
1081 2494 1223 2554 adstruat
1254 2512 1372 2554 reve-

122 2603 207 2670 latio,
232 2618 288 2660 nee
310 2618 369 2658 nou
393 2603 459 2677 ipsa
480 2603 570 2661 ratio.

206 2703 367 2764 Observ.
384 2707 413 2770 a
433 2708 476 2766 Sc
491 2708 590 2783 ipsum
601 2710 685 2766 Deus
697 2709 762 2766 sine
780 2707 841 2765 uilo
864 2705 962 2765 medio
979 2706 1009 2764 in
1022 2724 1056 2765 se
1070 2714 1100 2765 et
1114 2725 1169 2782 per
1183 2724 1219 2764 se
1238 2707 1369 2783 ipsuu-

124 2810 261 2868 absuiute
278 2811 372 2879 novit,
395 2829 492 2887 neque
510 2831 564 2888 per
581 2814 693 2888 aliquid
714 2812 794 2871 aliud
812 2828 1000 2888 cognoscere
1023 2818 1133 2887 potest.
1155 2811 1220 2870 Res
1238 2811 1368 2888 possit

123 2914 200 2973 biles
210 2916 370 2992 cognoscit
385 2917 414 2974 in
432 2917 549 2976 infinita
566 2935 620 2977 sua
638 2919 797 2994 sapientia,
815 2935 872 2993 qua
889 2911 1007 2975 scilicet
1025 2915 1254 2992 perfectissime
1273 2934 1380 2992 perr

122 3020 224 3096 spicit,
247 3019 315 3096 quid
339 3039 436 3099 neque
452 3007 510 3079 sibi
528 3023 603 3098 ipsi,
626 3040 722 3098 neque
741 3021 877 3079 infinitae
894 3021 991 3096 ipsius
1016 3020 1221 3095 perfectioni,
1243 3039 1371 3101 neque:

124 3125 191 3182 aliis
211 3125 314 3193 rebus,
337 3125 463 3204 adquae
481 3126 627 3203 refertur,
651 3135 808 3204 repugnat.
831 3127 893 3184 Res
913 3142 987 3183 veru
1006 3126 1194 3196 existentes,
1224 3137 1259 3186 et
1277 3127 1350 3204 qui-

123 3231 189 3290 dem
207 3232 400 3290 necessarias
416 3235 576 3310 cognoscit
589 3235 673 3290 Deus
690 3234 720 3290 iu
739 3232 803 3289 suis
818 3231 1055 3307 sapientissimis
1074 3230 1220 3303 decretis,
1234 3241 1358 3311 utpote*

124 3353 199 3414 quae
229 3335 391 3395 earundem
411 3338 516 3396 ultima
540 3356 576 3397 ae
595 3338 720 3414 propria
741 3353 832 3395 causa
857 3337 998 3395 effectrix
1021 3345 1109 3404 suut3
1138 3354 1193 3395 ree
1221 3338 1338 3397 liberas

122 3449 223 3499 autem
241 3443 339 3500 ceruit
362 3451 479 3501 remote
506 3443 625 3519 quidem
644 3444 674 3501 in
697 3440 798 3500 indole
822 3451 999 3500 naturarum
1022 3440 1281 3519 intelligentium,
1303 3440 1337 3502 ad

123 3563 174 3605 res
193 3563 308 3614 omues,
332 3546 507 3623 quibuscum
529 3548 599 3606 iliae
617 3545 850 3622 conjunguntur,
872 3546 980 3615 relata,
1004 3546 1144 3622 proxime
1161 3564 1240 3607 vero
1259 3547 1337 3625 pari·

125 3713 377 3730 m

155 3795 179 3858 ¹)
197 3802 240 3849 De
258 3800 311 3850 cie.
331 3800 366 3848 0.
385 3800 405 3847 1.
425 3800 454 3848 1.
472 3808 499 3846 e.
519 3798 545 3843 9.
564 3809 592 3845 a.
612 3797 641 3844 3.
660 3790 731 3858 Opp.
751 3791 784 3842 T.
803 3793 829 3843 7.
849 3804 874 3843 c.
894 3791 953 3844 123.

154 3877 239 3945 ²)ue
258 3887 306 3937 ue.
325 3888 383 3936 are.
402 3889 424 3935 t.
443 3886 472 3935 a.
491 3898 517 3934 e.
535 3885 564 3932 e.
582 3897 608 3932 u.
629 3885 677 3932 re.
700 3885 749 3931 u.
768 3879 800 3929 r.
821 3880 844 3931 ι.
864 3893 887 3931 e.
913 3881 974 3933 um.
1000 3879 1044 3933 cs.
1070 3887 1111 3934 ue
1136 3886 1192 3937 etv.
1211 3890 1248 3940 u.
1268 3892 1289 3940 r.
1309 3890 1336 3938 e.

121 3989 148 4026 e.
169 3977 218 4024 10.
237 3989 262 4024 a.
283 3976 310 4024 2.
328 3974 362 4025 Τ.
380 3975 404 4024 7.
425 3984 449 4024 c.
470 3972 529 4022 125.
548 3973 635 4020 rracr.
656 3973 705 4020 13.
725 3972 753 4020 ia
770 3973 855 4021 Jeae.
874 3985 900 4020 a.
919 3972 949 4022 4.
967 3970 999 4021 Τ.
1017 3973 1043 4021 3.
1064 3971 1097 4025 Ρ.
1114 3974 1143 4025 2.
1161 3988 1188 4026 e.
1207 3975 1271 4028 eit.

155 4054 179 4128 ³)
198 4061 242 4114 ci.
260 4062 458 4126 Chryeost.
477 4065 558 4113 Hom.
577 4064 616 4110 19
635 4060 714 4120 (60).
736 4061 871 4112 temerata.
891 4075 917 4111 rr.
939 4064 967 4111 1.
986 4058 1057 4126 0pp.
1077 4060 1110 4113 T.
1130 4065 1157 4115 7.
1175 4075 1206 4128 p.
1225 4065 1286 4117 aaa.
1304 4064 1338 4118 11.

123 4151 154 4203 0.
172 4155 250 4203 Hora.
271 4155 317 4201 77.
336 4168 363 4203 a.
382 4155 411 4202 3.
430 4165 458 4216 p.
477 4151 536 4201 7¹15.
556 4151 590 4202 Α.
608 4153 688 4200 Hera.
709 4153 735 4200 1.
755 4153 788 4200 de
804 4153 895 4208 propit.
919 4152 1024 4202 edreur.
1041 4166 1067 4202 a.
1084 4155 1114 4202 4.
1132 4152 1167 4204 T.
1185 4154 1213 4205 11.
1231 4168 1262 4221 p.
1280 4155 1337 4209 tte.

122 4241 153 4292 G.
172 4265 204 4276 —
222 4238 449 4292 Theodorei.
467 4243 500 4291 ta
517 4241 569 4298 lip.
588 4242 625 4287 rut
640 4242 719 4289 Item.
738 4242 768 4300 8,
787 4241 837 4289 30.
856 4237 927 4304 0pp.
946 4238 978 4291 T.
997 4239 1023 4290 3.
1042 4251 1071 4304 p.
1091 4241 1136 4292 oe.
1153 4241 1188 4293 B.
1208 4268 1240 4283 -
1259 4242 1337 4297 Hie·

123 4342 256 4393 ronym.
273 4332 306 4381 ip
322 4331 358 4380 is.
379 4332 428 4388 11,
449 4331 497 4379 13.
517 4326 586 4392 0pp.
605 4327 639 4377 T.
657 4326 684 4378 1.
704 4340 729 4378 c·
750 4328 979 4380 1021203201.
999 4331 1028 4391 2,
1048 4332 1076 4379 1.
1095 4328 1128 4381 Τ.
1145 4338 1175 4384 a.
1194 4345 1224 4386 a.
1241 4335 1292 4388 21.
1308 4336 1338 4388 ie

121 4423 180 4470 ter·
200 4422 250 4479 26,
278 4421 360 4484 1-3.
385 4417 419 4468 Τ.
438 4418 464 4469 1.
489 4429 516 4468 c.
537 4418 613 4468 1021.
630 4417 667 4469 Ι).
692 4442 726 4451 —
753 4415 935 4471 (iaudent.
953 4417 1059 4471 Brlx.
1077 4423 1123 4475 Ta
1141 4425 1172 4473 3.
1191 4426 1337 4483 derexi.

122 4509 224 4558 atsere.
242 4506 272 4556 ln
291 4509 361 4559 ittet.
380 4522 453 4559 ruer.
470 4510 527 4557 1³1².
546 4504 676 4568 Lugduu.
693 4505 727 4557 T.
745 4507 772 4557 ὅ.
791 4519 818 4572 p.
836 4508 896 4561 918.
916 4520 942 4560 c.
960 4510 987 4567 2.
1005 4510 1039 4564 T.
1059 4532 1092 4551 -
1111 4511 1280 4567 Aueclm.
1297 4516 1336 4566 lie

122 4599 249 4648 caecaret.
264 4609 369 4654 praesc.
387 4604 414 4648 et
431 4597 522 4648 libert.
540 4591 611 4659 opp.
632 4595 681 4642 123
700 4607 741 4645 ss.
