2926 5168
376 626 437 708 De
462 453 1052 710 absoluffifleifessffizu
1082 642 1240 715 aalma

208 930 232 1012 5.
258 928 291 998 t.
313 930 556 1004 'l'ronsitio
578 935 748 1005 Natura
765 932 853 1005 llei
873 949 1026 1021 neque
1047 931 1192 1019 plene·
1205 920 1413 1010 intelllgi,

515 1056 666 1127 neque
689 1036 914 1127 explicari
936 1037 1101 1125 potest.

288 1194 357 1254 Non
378 1190 458 1254 satis
475 1202 537 1264 est,
560 1191 645 1276 quod
664 1192 862 1274 noverimus,
885 1192 992 1254 Deum
1012 1190 1177 1260 existere,
1200 1202 1342 1268 eumque
1362 1200 1413 1247 na·

208 1304 278 1358 tura
296 1316 392 1360 unum
418 1308 451 1360 et
473 1317 492 1360 a
519 1298 636 1361 mundo
663 1297 843 1372 diversum,
877 1317 936 1360 seu
958 1293 1251 1379 supermundanum
1270 1308 1362 1363 esse,
1383 1295 1415 1350 et

205 1397 239 1461 iu
252 1400 378 1464 cumulo
397 1401 488 1486 quasi
507 1403 659 1479 sciamus,
670 1423 752 1488 quae
767 1401 855 1466 notio
866 1422 939 1466 cum
952 1398 1107 1466 vocellei
1119 1393 1346 1482 conjungenda
1356 1391 1413 1474 σὴς

206 1505 265 1567 sed
289 1525 352 1589 quo
377 1517 490 1570 nostra
517 1506 580 1571 Dei
602 1508 745 1595 cognitio
767 1506 900 1588 clarior,
927 1505 1074 1571 amorio
1099 1523 1172 1567 eum
1194 1495 1357 1564 intensior
1382 1506 1414 1562 et

205 1601 379 1685 efficacior,
399 1622 493 1697 atque
509 1612 719 1698 tranquillitas
737 1612 859 1678 [irmior
873 1612 999 1686 evadat,
1016 1617 1147 1694 oportet
1158 1602 1295 1669 ulterius
1307 1603 1413 1669 ideam

204 1710 277 1784 Dei,
300 1725 451 1798 quantum
471 1715 502 1778 id
526 1713 598 1781 fieri
619 1727 749 1800 potest,
773 1716 926 1780 evolvere
948 1726 982 1779 et
1004 1715 1037 1779 in
1061 1711 1198 1798 siugulis
1223 1707 1294 1773 suis
1323 1703 1412 1793 quasi

203 1816 350 1900 partibus
381 1819 608 1896 considerare3
643 1832 760 1906 quanto
792 1819 974 1885 accuratius
1014 1818 1103 1883 enim.
1129 1815 1188 1880 illa
1219 1810 1411 1898 explicetur,

204 1931 292 1985 tanto
312 1925 467 2007 majorem
486 1925 518 1988 in
540 1946 668 1989 ornnem
686 1925 860 2010 cogitandi,
884 1923 1044 1988 sentiendi
1062 1934 1096 1987 et
1117 1920 1235 2009 agendi
1250 1917 1411 1984 rationem

205 2039 320 2091 exeret
341 2027 504 2093 inlluxum.
533 2031 600 2094 Sed
625 2032 734 2094 obstat
761 2029 949 2117 magnitudo
975 2029 1098 2103 divina,
1121 2025 1308 2114 quomdam,
1340 2021 1411 2108 quid

203 2131 333 2216 proprie
353 2132 397 2197 sit
411 2134 512 2209 Deus,
537 2154 594 2199 seu
614 2154 696 2221 quae
714 2134 846 2220 propria
866 2135 937 2218 ejus
961 2135 1004 2198 sit
1022 2131 1175 2215 conditio,
1197 2140 1308 2195 mente
1324 2146 1409 2191 asse·

203 2234 256 2320 qui
273 2248 330 2300 aut
348 2257 498 2302 sermone
516 2238 679 2324 explicare
699 2240 873 2304 valeamus.
890 2240 981 2303 Deus
1000 2236 1084 2303 enim
1101 2234 1410 2320 incompreben-

204 2340 343 2408 sibilis
366 2356 400 2408 et
419 2344 676 2409 ineffabilis
692 2357 751 2409 est.

284 2439 517 2514 Ilun’omius
546 2462 581 2514 et
610 2450 758 2516 Aetius
785 2448 918 2514 saeculo
946 2447 1003 2513 tv.
1034 2467 1074 2511 eo
1108 2445 1282 2531 superbiae
1304 2457 1339 2509 et
1359 2442 1408 2507 do·

203 2553 341 2618 mentiae
367 2555 582 2629 devenerunt,
613 2567 649 2619 ut
674 2555 926 2630 contenderent,
956 2575 994 2618 se
1019 2554 1125 2617 Deum
1147 2563 1215 2616 tam
1237 2545 1408 2634 perspicue

201 2657 409 2743 cognovisse,
433 2677 471 2724 ac
494 2670 615 2725 tantam
636 2659 721 2724 illius
743 2659 888 2725 notitiam
910 2679 986 2723 esse
1009 2670 1222 2731 consecutos,
1251 2664 1291 2718 ut
1311 2672 1353 2717 ne
1375 2669 1407 2717 ot

200 2760 291 2845 ipsos
311 2763 439 2848 quidem
456 2751 584 2850 melius,
601 2785 695 2851 quam
712 2765 819 2829 Deum
836 2775 985 2848 nossent,
1008 2763 1073 2827 imo
1093 2763 1184 2826 Deus
1210 2758 1286 2843 ipse
1299 2777 1339 2821 re
1362 2774 1408 2820 co

200 2879 349 2952 gnoscat,
369 2879 464 2954 atque
483 2872 552 2954 ejus
564 2869 738 2936 essentiam
754 2869 849 2933 nobis
865 2866 1027 2953 exipsius
1045 2867 1174 2932 nomine
1190 2864 1409 2932 innotescero,

201 2993 296 3058 quum
311 2972 344 3037 id
360 2974 542 3039 nominibus
552 2975 590 3040 'in
606 2975 794 3040 universum
809 2974 976 3059 proprium
992 2973 1053 3048 sit,
1075 2985 1112 3036 ot
1125 2972 1287 3037 internam
1301 2988 1409 3035 rerum

200 3088 348 3142 naturam
372 3080 466 3144 nobis
490 3081 714 3154 manifestent,
744 3090 857 3165 utpote
874 3078 991 3143 iisdem
1017 3100 1037 3143 a
1062 3078 1136 3142 Deo
1159 3075 1289 3151 inditis,
1316 3073 1413 3161 idque

198 3193 391 3267 propterea,
415 3203 477 3268 quo
496 3184 640 3260 facilius,
664 3185 729 3250 SS.
753 3183 889 3248 Litteris
909 3183 955 3269 (l)
972 3183 1077 3247 Deum
1105 3183 1238 3246 Patrem
1257 3177 1415 3263 ἀγύημον

200 3286 444 3370 adpellentibus,
467 3288 666 3353 divinitatem
682 3287 757 3353 Filii
778 3309 901 3374 negare
916 3299 1053 3374 possent
1075 3286 1113 3372 ¹).
1135 3286 1241 3366 Quem
1264 3306 1415 3352 errorem

199 3403 315 3474 postea
337 3393 469 3456 saeculo
490 3393 598 3468 xlv„
626 3393 739 3458 saltem
762 3412 806 3457 ex
826 3405 939 3477 parte,
969 3403 1169 3457 renovarunt
1189 3389 1412 3477 Beguardi

199 3507 233 3560 et
252 3496 463 3584 Beguinae
486 3518 504 3561 a
526 3496 671 3562 Concilio
693 3497 922 3563 Viennensi
944 3518 972 3561 a.
996 3501 1088 3565 1311.
1110 3494 1296 3581 proscripti.

281 3600 514 3665 Verumtamen
537 3621 631 3667 error
651 3601 705 3667 hic
726 3604 808 3666 adeo
831 3603 991 3667 absurdus
1014 3613 1081 3677 est,
1102 3613 1138 3666 ut
1159 3599 1411 3667 confutationem

182 3707 283 3770 'baud
304 3719 477 3771 mereatur.
498 3708 614 3793 Neque
636 3718 688 3773 est
708 3705 826 3792 aliquid
848 3707 942 3781 aliud,
966 3709 1050 3793 quod
1070 3707 1134 3770 SS.
1151 3705 1298 3771 Litterae
1321 3726 1410 3792 aper·

197 3812 262 3876 tius
285 3814 433 3887 doceant,
457 3812 519 3877 SS.
540 3814 659 3877 Patres
680 3823 715 3876 et
733 3812 886 3877 Ecclesia
903 3811 1022 3877 clarius
1043 3813 1181 3886 tradant,
1205 3822 1303 3896 atquo
1323 3809 1407 3879 ratio

197 3916 268 4000 ipsa
289 3915 414 3980 facilius
435 3917 626 4001 perspiciat,
660 3936 754 4001 quam
777 3917 905 4003 dogma,
929 3935 1033 4000 neque
1054 3915 1253 3980 intellectum
1274 3913 1409 3988 linitum,

174 4021 296 4086 vetiam
317 4007 435 4084 lumine
457 4021 582 4109 gloriae
604 4022 765 4105 adjutum,
796 4023 892 4106 plene
920 4040 958 4084 ac
989 4019 1140 4084 distincte
1161 4029 1312 4084 naturam
1332 4017 1409 4091 tivi,
1452 4043 1455 4050 ·

198 4146 270 4189 nam
292 4124 462 4210 percipere
481 4137 513 4190 et
528 4146 721 4211 exaequare,
744 4146 848 4212 neque
862 4126 1005 4214 linguam
1020 4135 1165 4190 nostram
1181 4121 1274 4190 effari
1290 4126 1408 4193 valere.

233 4345 256 4406 ¹)
274 4343 315 4396 ct
335 4345 470 4402 Eratonos·
498 4347 582 4395 liner.
601 4348 650 4394 76.
669 4359 695 4395 n.
720 4348 752 4396 4.
777 4344 846 4410 0pp.
871 4346 903 4396 Τ.
930 4348 954 4395 1.
979 4360 1005 4411 p.
1028 4345 1091 4398 9111.
1117 4342 1278 4408 Gregor.
1303 4345 1405 4411 Nyso.
1453 4371 1455 4375 -

198 4435 273 4484 crat.
288 4435 405 4484 Ettnom.
423 4436 442 4484 l.
460 4437 487 4487 1.
504 4432 574 4498 0pp.
591 4433 636 4484 ed.
650 4435 719 4486 Par,
738 4435 814 4485 1638.
829 4435 862 4486 Τ.
878 4437 905 4486 2.
925 4448 950 4499 p.
969 4435 1027 4485 32t.
1044 4435 1077 4486 A.
1094 4448 1121 4500 p.
1138 4435 1197 4486 327.
1215 4434 1249 4488 B,
1269 4432 1319 4487 01¹.
1336 4435 1363 4486 ³.
1380 4447 1405 4499 p.
1451 4459 1455 4468 ·

196 4523 257 4572 aaa.
274 4522 307 4573 n.
325 4521 373 4572 or.
392 4523 419 4572 o.
436 4536 464 4587 p,
482 4524 543 4573 ooo.
561 4525 597 4575 o.
615 4536 641 4587 p.
661 4525 722 4575 ore.
739 4524 773 4575 n.
790 4525 825 4575 Β.
847 4527 891 4576 or.
916 4526 968 4576 ro,
986 4538 1014 4589 p.
1031 4525 1091 4577 oto.
1108 4524 1143 4575 Β.
1161 4524 1223 4575 oar.
1240 4524 1276 4577 u.
1295 4528 1341 4578 or.
1360 4527 1403 4576 n.
1435 4544 1455 4562 ι

197 4612 229 4663 r.
249 4613 274 4664 a.
294 4625 320 4676 p.
341 4610 398 4662 rso.
417 4612 448 4662 n.
467 4612 528 4662 sn.
547 4610 576 4662 c.
