2926 5168
1267 214 1330 303 tte

125 381 320 446 amnibus
346 397 475 459 prope
496 398 594 442 esse
625 376 758 461 dicit,
789 377 865 461 qui
891 382 992 439 sunt
1015 379 1056 439 in
1077 377 1171 439 orte
1192 387 1328 441 terra·

124 510 219 552 rum.
244 486 356 561 Quid
374 487 452 547 tue
472 485 632 564 maius?
657 486 735 548 Vide
762 484 958 568 quomode
988 484 1179 560 partitos
1199 480 1275 567 '(qui
1297 481 1328 544 in

125 601 221 674 parte
244 589 349 675 alique
368 587 528 652 collocant
548 587 671 672 Deum}
694 591 893 668 constitet.
919 585 1028 660 Quid
1046 588 1137 647 dieo
1154 585 1331 668 praeut?

125 698 197 759 Ita
216 715 346 776 prope
366 702 431 766 est,
456 701 499 755 ut
517 700 612 756 stne
632 697 720 773 ipse
740 713 820 755 nen
840 696 1013 754 vientur.
1035 696 1082 754 In
1103 695 1201 772 ipse
1222 695 1331 754 enirn

126 805 325 871 risimus,
348 807 389 863 et
407 818 637 879 mavemur,
660 805 695 860 et
719 819 868 861 sumus.
902 799 1000 869 Quasi
1022 816 1169 877 carperes
1188 795 1333 873 exempta

126 906 311 982 hujusmodi
332 905 495 988 quidpiam
517 906 610 964 dicit:
632 906 715 965 sieut
734 903 928 982 impassibile
948 906 998 963 est
1016 904 1188 981 ipporare,
1216 908 1332 972 serua,

126 1013 245 1094 ubique
262 1015 431 1092 diffusum,
453 1028 517 1071 neu
535 1013 650 1088 praem
670 1007 709 1068 ab
730 1027 919 1090 unaqueque
938 1016 1085 1067 nostrum
1106 1025 1198 1085 esse,
1219 1008 1283 1067 ima
1304 1009 1336 1066 et

127 1123 163 1179 in
182 1118 273 1178 nobis
294 1135 387 1194 esse;
409 1119 465 1175 ita
486 1116 610 1175 etiarn
632 1116 804 1174 omnium
825 1115 1065 1173 creatorem.
1087 1106 1333 1172 Etmoxetiam

129 1220 206 1283 itud
225 1220 397 1293 observat,
419 1237 482 1280 nen
502 1214 624 1280 dixisse
643 1215 835 1298 Apostolum
859 1217 1034 1292 perillum,
1057 1213 1116 1277 sed
1138 1221 1172 1277 tn
1192 1215 1248 1276 itte
1270 1232 1331 1275 nos
1435 1266 1438 1271 .

130 1323 273 1399 moveri,
296 1344 358 1408 quo
383 1320 488 1409 magis
513 1320 598 1385 illius
616 1318 764 1384 intimam
783 1318 1000 1404 praesentiam
1022 1318 1210 1382 ostenderet
1234 1325 1271 1391 ¹).

256 1435 291 1492 Β.
311 1427 459 1492 Eandem
472 1425 652 1491 doctrinam
665 1425 705 1489 de
724 1424 943 1489 immensitate
961 1423 1024 1489 Dei
1043 1443 1168 1510 quoque
1189 1420 1292 1486 Eeel
1304 1441 1335 1484 e·

129 1539 199 1598 sia
214 1552 345 1617 semper
363 1530 512 1616 professa
531 1541 589 1595 est.
613 1530 706 1608 Quod
724 1531 879 1613 probatur

218 1658 245 1702 a.
268 1658 311 1702 ex
342 1635 504 1701 communi
544 1636 607 1702 SS.
647 1634 812 1699 Petrum
847 1634 1015 1699 sententia.
1044 1633 1101 1699 Sic
1136 1633 1335 1698 Hermes:

130 1746 253 1822 Ipse,
286 1739 407 1827 inquit,
435 1760 574 1817 capae
600 1743 925 1816 uniuersorum,
951 1747 1068 1804 satus
1111 1743 1338 1803 immensus

133 1855 184 1910 est
204 1842 577 1929 ²).—The0philus
596 1842 847 1908 Antiochen.
872 1844 980 1932 arguit
996 1843 1162 1918 Gentiles,
1184 1843 1237 1930 qui
1252 1845 1332 1909 dees

129 1972 211 2016 suos
221 1961 374 2014 eteorum
388 1949 699 2034 supremumdovem
708 1947 807 2015 certis
819 1947 937 2013 affixos
945 1949 1076 2014 sedibus
1084 1949 1257 2034 putebant,
1267 1971 1337 2013 eum

129 2060 192 2119 Dei
215 2057 362 2118 altissimi
381 2063 411 2119 et
424 2059 643 2132 omnipotentis
657 2061 689 2117 et
708 2059 777 2118 reri
798 2060 872 2117 Dei
892 2063 957 2118 est
992 2076 1071 2118 nan
1091 2056 1226 2117 selum
1246 2054 1336 2116 ubi-

129 2182 209 2244 que
235 2182 351 2236 esse,
379 2162 441 2222 sed
468 2166 561 2222 etiam
589 2163 761 2237 inspicere,
791 2164 897 2222 emnia
926 2162 1057 2234 audire,
1088 2180 1226 2243 neque
1247 2159 1337 2222 laen

127 2270 349 2330 contineri
370 2261 672 2340 ³).-Clemens
693 2264 809 2329 Alex.
831 2263 871 2328 de
890 2265 974 2328 bono
996 2276 1030 2328 et
1045 2275 1158 2328 saneto
1174 2263 1246 2328 viro
1268 2284 1336 2328 ser·

127 2392 259 2435 monem
271 2368 412 2435 faciens:
439 2372 545 2444 Talis,
569 2368 628 2444 ait,
651 2377 716 2452 est,
737 2375 789 2433 eui
810 2383 858 2434 est
877 2391 1083 2450 persuasum,
1105 2373 1229 2434 Deum
1251 2373 1339 2435 ubi·

131 2496 209 2559 que
240 2476 422 2554 adesse,
465 2494 547 2536 nun
578 2480 712 2536 nutem
740 2479 869 2536 sertis
898 2495 946 2536 ae
976 2478 1188 2558 definitis
1228 2476 1338 2538 loeis

128 2602 229 2645 esse
248 2581 501 2643 eenetusurn:
523 2585 578 2650 ut,
601 2599 672 2642 eum
694 2600 729 2642 se
751 2582 870 2663 absque
890 2601 927 2644 ee
957 2602 1032 2645 esse
1060 2585 1232 2663 anquando
1262 2583 1338 2642 esri-

126 2688 325 2764 stimnrerit,
364 2690 459 2745 noctu
493 2689 525 2744 et
553 2684 694 2744 interdiu
727 2685 992 2762 intemperantiae
1021 2708 1058 2748 se
1084 2688 1180 2750 dedat
1205 2696 1238 2748 et
1264 2686 1338 2746 trti-

128 2793 206 2852 dr‘ni.
227 2791 296 2852 Per
317 2795 412 2851 tetam
434 2809 509 2866 erpa
530 2791 625 2851 vitam
641 2789 724 2848 diem
742 2791 864 2868 festum
885 2797 1026 2871 epentes,
1049 2792 1164 2872 setique
1187 2796 1218 2852 et
1237 2793 1339 2853 amni

129 2915 185 2957 eu
203 2900 323 2970 parte
349 2894 475 2954 Deum
504 2892 655 2954 adesse
681 2896 847 2969 persuasi,
876 2895 1045 2956 laudantes
1076 2915 1173 2973 apres
1196 2893 1328 2955 colimus

130 3007 188 3064 ete.
211 3001 249 3077 ⁴).
280 3035 317 3047 -
349 2996 579 3082 Origenes:
618 2997 728 3058 Deus
762 3001 871 3060 omni
908 3003 994 3060 tuae
1025 3001 1172 3061 metiar
1201 3001 1339 3061 omnin

129 3102 451 3183 comprehendit,
473 3121 548 3162 nee
570 3102 662 3163 utta
682 3122 727 3163 re
746 3103 1337 3189 comprehenditur⁵}.-Ano·

129 3231 149 3272 n
156 3227 273 3292 ymus
295 3203 519 3270 commentarii
539 3203 571 3268 in
587 3204 672 3279 son,
695 3205 735 3268 de
759 3205 869 3270 verbis
893 3205 971 3270 tobi
995 3227 1116 3294 agens:
1143 3211 1340 3289 „Venerunt

129 3315 244 3394 Anpeti
260 3314 334 3384 Dei,
353 3320 392 3374 ut
409 3318 534 3373 starent
554 3318 627 3373 ante
648 3315 788 3375 Deum.“
808 3314 978 3394 Humana,
1011 3318 1072 3385 ait,
1100 3334 1181 3377 usus
1203 3331 1339 3376 eonsue-

130 3421 243 3483 tudine
256 3455 296 3464 —
308 3425 403 3499 utque
414 3419 568 3480 locutione
579 3418 672 3478 dicit:
699 3417 863 3480 Venerunt
882 3424 956 3480 ante
975 3425 1092 3493 Deum,
1115 3422 1184 3501 qui
1205 3419 1336 3480 omnia

129 3525 279 3605 reptet,
311 3527 383 3605 qni
409 3525 566 3602 ntique
591 3542 797 3600 praesens
830 3530 910 3602 est,
933 3535 972 3585 et
1001 3544 1081 3586 nun
1113 3524 1336 3597 esttaens,

129 3650 272 3712 neque
294 3632 337 3692 iu
357 3628 490 3697 seete,
512 3646 647 3708 neque
668 3632 712 3689 in
733 3635 867 3706 terra,
890 3647 1024 3708 neque
1053 3633 1093 3690 in
1123 3630 1338 3708 eneetsis,

130 3756 264 3818 neque
287 3735 403 3811 apud
420 3737 608 3814 inferes,
629 3735 698 3794 nbi
718 3754 797 3796 non
817 3739 1103 3815 sitpraesens
1126 3732 1338 3816 ssew).-

129 3905 366 3927 μ

167 4005 192 4061 1)
211 4004 291 4051 Hom.
312 4001 363 4048 38.
378 3998 407 4048 in
423 4000 483 4047 Aet.
498 4011 526 4047 n.
542 3997 569 4044 3.
588 3992 658 4058 Opp.
677 3992 711 4044 Τ.
731 3994 759 4045 9.
772 4007 800 4059 p.
815 3993 875 4044 290.

163 4086 190 4155 ²)
209 4092 312 4139 emtor.
328 4090 348 4139 t.
367 4090 396 4138 e.
411 4088 502 4136 manu.
521 4088 551 4134 1.
570 4080 744 4134 coteler.
762 4087 818 4135 rr.
830 4092 915 4142 sporn
932 4070 1051 4134 enatet.
1071 4082 1194 4133 172nv,
1215 4085 1239 4134 ι.
1254 4096 1281 4146 ρ.
1295 4084 1338 4133 85.

165 4171 194 4238 ³)
212 4182 263 4229 Aa
280 4179 369 4228 Autot.
385 4179 406 4226 l.
423 4177 452 4227 2.
467 4189 493 4224 n.
508 4175 537 4223 3.
556 4171 626 4236 opp.
645 4171 789 4225 sustin.
807 4173 848 4224 M.
866 4186 892 4238 p.
908 4173 972 4224 3⁷2.
987 4171 1032 4223 (tt.
1054 4176 1074 4223 l.
1093 4175 1120 4221 1.
1135 4187 1163 4223 n.
1184 4174 1212 4222 4.
1231 4186 1259 4239 p.
1278 4171 1338 4222 362.

165 4266 192 4331 ⁶)
212 4270 342 4319 Stremd.
362 4268 387 4314 7.
403 4281 431 4316 n.
454 4267 482 4314 1.
503 4260 571 4326 Opp.
595 4260 629 4312 Τ.
648 4262 675 4312 2.
700 4273 726 4324 p.
744 4262 803 4313 851.
824 4260 865 4312 Cf.
884 4267 904 4312 t.
920 4265 948 4314 2.
965 4278 992 4313 a·
1009 4265 1036 4312 2.
1057 4259 1089 4310 Τ.
1106 4262 1132 4311 1.
1149 4274 1175 4324 p.
1190 4261 1251 4315 tet.
1270 4263 1288 4310 t.
1307 4265 1338 4312 6.

120 4375 159 4412 a.
180 4359 308 4408 11-12.
328 4356 362 4406 n.
383 4355 409 4406 e.
427 4368 457 4419 p.
474 4353 534 4403 sss.
551 4351 610 4402 ses.

165 4440 191 4506 ⁵)
210 4448 286 4496 Cant.
303 4446 374 4496 Cels.
392 4447 412 4495 t.
435 4447 465 4495 1.
483 4458 509 4493 u.
525 4444 573 4492 34.
588 4440 659 4506 Opp.
677 4442 709 4491 Τ.
729 4442 754 4495 l.
770 4454 796 4506 p.
810 4442 873 4491 717.
891 4441 924 4493 Τ.
940 4440 982 4491 Cf.
1006 4446 1024 4493 t.
1048 4446 1075 4493 6.
1100 4457 1128 4492 u.
1158 4444 1205 4492 71.
1231 4452 1257 4505 p.
1276 4440 1335 4491 686.

117 4533 169 4590 l).
187 4538 265 4586 Hom.
282 4537 333 4585 12.
346 4535 375 4583 in
392 4536 490 4585 Gener.
505 4546 533 4583 n.
549 4534 577 4581 2.
594 4531 626 4580 Τ.
642 4533 668 4581 2.
682 4545 710 4594 p.
723 4533 765 4581 92.
782 4544 806 4580 e.
832 4533 856 4583 l.
870 4531 905 4582 Β.
920 4532 951 4583 C.

166 4617 193 4686 ⁶)
210 4625 319 4674 thot.
337 4621 356 4674 Ι.
374 4623 397 4670 1.
417 4619 487 4686 opp.
505 4617 661 4683 origen.
681 4619 713 4669 Τ.
730 4620 755 4670 2.
769 4631 796 4683 p.
814 4620 875 4670 860.
893 4631 917 4669 e.
935 4621 961 4670 2.
978 4618 1010 4670 c.

1109 4704 1149 4770 10
