2926 5168
187 217 262 287 tta*

188 369 271 435 ciam
292 371 438 435 debeant.
460 371 546 437 Hinc
564 372 769 438 conservatio
787 395 850 437 non
868 385 920 439 est
940 374 1023 451 talis,
1046 395 1085 441 ac
1103 374 1131 439 si
1149 374 1206 441 fiat
1223 373 1295 437 sine
1313 374 1400 453 Deo,

188 461 247 540 sed
267 487 300 540 et
317 497 380 539 non
401 477 569 561 ejusmodi,
591 496 630 543 ac
655 478 684 542 si
705 478 762 543 liat
782 479 852 544 sine
870 500 979 546 rerum
997 479 1198 545 conditarum
1221 500 1398 546 concursu.

189 581 256 645 Sed
278 593 493 648 conservatur
513 584 649 647 mundus
669 595 702 648 et
719 604 778 668 per
797 605 848 659 se,
872 597 1030 671 quatenus
1052 605 1108 648 res
1125 586 1306 655 mundanae
1325 583 1399 648 viri·

189 686 248 749 bus
273 697 408 751 naturae
423 699 637 772 procreantur
658 708 696 753 ac
721 710 780 772 per
802 711 838 754 se
861 690 1002 756 invicem
1023 701 1266 765 sustentantur,
1290 700 1325 754 et
1343 710 1400 774 per

187 793 304 868 Deum,
321 804 480 877 quatenus
497 793 678 879 peripsum
695 796 808 872 solum,
823 797 841 860 i.
855 817 882 861 e.
903 795 1079 861 voluntatis
1096 797 1165 879 ejus
1181 807 1294 860 nutum
1309 794 1399 859 viros

188 895 260 960 illae
283 908 385 984 agunt
407 909 503 983 atque
532 911 625 973 sunt,
648 920 708 965 nec
729 922 793 964 non
808 923 918 971 rerum
939 900 1120 967 substantia
1136 911 1273 985 perstat.
1309 899 1399 964 Unde

189 1002 395 1067 conservatio
412 1003 520 1068 mundi
538 1003 644 1069 divina
661 1017 726 1082 est,
748 1019 907 1092 quatenus
923 1018 1052 1093 spectat
1070 1007 1110 1070 ad
1126 1025 1236 1070 rerum
1252 1004 1346 1069 vires
1364 1024 1400 1068 ac

189 1106 396 1180 substantias,
411 1106 606 1183 immediala,
617 1122 775 1195 quatenus
787 1124 895 1176 autem
904 1112 1044 1177 refertur
1059 1112 1100 1176 ad
1113 1110 1239 1177 illarum
1250 1107 1398 1184 effectus,

189 1210 336 1275 mediata.
346 1209 476 1289 Quodsi
488 1225 595 1279 autem
606 1213 745 1279 divinam
760 1217 868 1280 mundi
883 1215 1164 1282 conservationem
1180 1213 1398 1279 immediatam

189 1319 402 1405 adpellamus:
417 1318 449 1382 id
467 1318 636 1383 manifeste
648 1331 769 1384 tantum
781 1333 914 1386 eatenus
925 1322 974 1403 lit,
998 1332 1153 1407 quatenns
1162 1320 1252 1384 vires
1265 1329 1398 1384 naturae

190 1446 229 1492 ac
247 1423 427 1490 substantia
451 1445 561 1489 rerum
582 1425 787 1489 immediatus
805 1425 945 1491 effectus
969 1425 1199 1509 omnipotentis
1224 1423 1398 1489 voluntatis

190 1530 316 1595 divinae
336 1541 430 1604 sunt,
453 1549 652 1614 nequaquam
676 1541 785 1595 autem
801 1531 910 1596 lorsan
933 1551 971 1596 ac
995 1532 1024 1595 si
1042 1533 1194 1597 mundum
1212 1552 1273 1614 pro
1292 1535 1399 1595 imme·

189 1636 275 1700 diata
286 1634 485 1699 substantiae
496 1634 623 1699 divinae
641 1635 898 1700 manifestatione
912 1637 1128 1722 haberemus3
1150 1637 1236 1721 quod
1252 1634 1398 1701 Panthei·

189 1753 312 1806 starum
333 1751 551 1806 commentum
578 1750 651 1814 est,
683 1752 715 1803 et
735 1742 1018 1805 conservationem
1046 1742 1183 1815 mundi,
1202 1740 1269 1805 imo
1298 1740 1397 1825 ipsam

189 1846 251 1911 Dei
265 1843 513 1930 supramundani
534 1844 740 1910 existentiam
758 1846 903 1911 destruit.

272 1955 445 2014 Observ.
476 1951 572 2027 Quum
594 1957 679 2013 Deus
703 1954 844 2015 mundum
867 1955 1076 2015 conservando
1098 1956 1183 2014 vires
1211 1963 1396 2020 naturarum,

188 2061 296 2138 quibus
323 2060 381 2120 hae
405 2068 582 2136 operantur,
616 2060 636 2116 i.
660 2079 685 2119 e.
709 2070 809 2120 certos
832 2063 957 2123 effeetus
975 2061 1152 2137 producunt,
1175 2069 1349 2132 sustentet,
1371 2067 1398 2118 et

188 2167 261 2225 illae
285 2166 322 2224 ab
342 2167 407 2241 ipso
423 2183 477 2241 per
495 2165 595 2223 omnia
609 2174 752 2242 tanquam
776 2184 885 2226 causae
901 2168 1051 2226 seeundae
1068 2185 1085 2224 a
1103 2184 1195 2225 cansa
1212 2167 1313 2242 prima
1331 2183 1396 2242 pen·

188 2271 298 2332 deant:
320 2270 356 2328 ad
378 2271 592 2352 effeetusillos
610 2287 793 2330 concurrere
811 2290 846 2331 ac
862 2273 980 2333 naturis
997 2272 1157 2348 cooperari
1176 2271 1299 2331 dicitur.
1321 2271 1396 2330 Hinc

188 2394 413 2435 concursus
437 2392 472 2433 ac
488 2376 729 2451 cooperatio
749 2376 904 2446 divina,
927 2369 1118 2456 συγχώρησις,
1133 2369 1287 2454 marpeni,
1303 2375 1396 2435 'Pheo-

186 2481 335 2557 logorum.
356 2472 417 2537 Est
433 2479 716 2556 itaqueconcursus
736 2479 854 2538 divinus
870 2481 912 2539 nil
935 2481 1026 2549 aliud,
1042 2500 1130 2557 quam
1146 2481 1269 2549 virium,
1293 2482 1396 2557 quibus

188 2603 240 2643 res
258 2593 379 2642 creatae
395 2583 432 2641 ad
450 2583 598 2658 agendum
612 2584 767 2660 praeditae
783 2593 862 2655 sunt,
886 2589 1079 2647 sustentatio.
1109 2587 1155 2645 Ab
1174 2586 1232 2645 hoc
1249 2603 1395 2647 concursu

189 2689 305 2756 divino,
330 2689 379 2764 qui
394 2686 431 2746 ad
451 2705 555 2745 omnes
573 2706 624 2744 res
641 2688 777 2748 conditas
796 2690 953 2761 refertur,
978 2699 1007 2749 et
1025 2691 1095 2751 ideo
1113 2709 1245 2767 gener
1256 2692 1335 2751 alis
1351 2689 1395 2748 ad·

187 2795 327 2871 pellatur,
350 2794 397 2850 vel
423 2792 513 2850 etiam
542 2789 755 2868 physicus,
788 2795 984 2871 distinguitur
1007 2813 1176 2855 concursus
1194 2797 1394 2873 specialis

187 2917 242 2958 seu
259 2899 488 2975 gratiosus,
511 2917 568 2974 quo
589 2916 645 2955 nos
666 2902 750 2958 Deus
763 2918 818 2975 per
844 2901 975 2976 gratiam
994 2918 1079 2959 suam
1101 2902 1132 2959 in
1151 2903 1300 2977 operibus
1314 2901 1395 2960 bonis

187 3003 318 3078 adjuvat,
342 3014 371 3062 et
386 3021 402 3060 s
411 3022 428 3079 p
439 3003 537 3061 eeial
547 3003 720 3072 issimus,
744 3006 793 3080 qui
810 3006 839 3062 in
854 3005 1054 3080 inspiratione
1070 3007 1194 3065 obtinet.
1217 3007 1289 3065 ldeo
1302 3015 1393 3067 autem

187 3113 284 3169 Deum
300 3110 336 3167 ad
354 3110 502 3167 malitiam
516 3126 680 3185 pravorum
698 3129 824 3185 operum
846 3109 924 3168 haud
942 3127 1144 3180 concurrere,
1168 3128 1225 3170 seu
1244 3119 1392 3169 auctorent

187 3215 304 3291 peccati
318 3232 377 3272 non
395 3233 475 3282 esse,
497 3233 552 3291 per
570 3233 604 3272 se
622 3214 713 3273 facile
730 3215 922 3291 intelligitur.
944 3216 1019 3272 llam
1037 3234 1127 3292 quum
1148 3218 1234 3274 Deus
1246 3230 1392 3273 concursu

188 3335 243 3379 suo
263 3319 448 3379 solummodo
473 3319 557 3378 vires
581 3327 701 3378 nostras
729 3339 891 3396 earumque
918 3320 1133 3390 efficientiam,
1165 3319 1391 3378 indeterminate

187 3433 365 3500 spectatam,
388 3432 557 3494 sustentet,
580 3440 665 3482 usum
687 3442 760 3482 vero
784 3425 906 3482 illarum
933 3424 1052 3481 naturis
1081 3423 1188 3483 liberis
1219 3425 1390 3499 permittat:

187 3547 278 3591 causa
299 3531 417 3606 peceati
440 3547 624 3606 nequaquam
644 3528 722 3605 ipse,
746 3527 799 3586 sed
820 3524 961 3587 voluntas
984 3537 1091 3588 nostra
1111 3545 1207 3603 prava
1230 3539 1288 3587 est.

575 3692 599 3774 5.
624 3691 687 3760 13.
712 3688 1000 3761 Gubernatio.

270 3843 394 3913 Verum
415 3841 599 3911 otmundus
621 3843 677 3909 lini
694 3866 753 3909 suo
774 3843 963 3918 satistaciat,
985 3866 1048 3909 non
1073 3841 1205 3919 sufficit,
1226 3855 1262 3908 ut
1283 3846 1390 3911 solum

188 3954 283 4017 modo
317 3974 336 4015 a
366 3953 438 4016 Deo
466 3961 697 4024 conservetur,
741 3951 799 4013 sed
842 3950 882 4013 ad
924 3951 1207 4014 conservationem
1240 3952 1389 4016 accedere

188 4059 286 4123 debet
315 4077 439 4143 quoque
473 4057 543 4138 ejus
575 4053 844 4142 gubernatio.
888 4054 977 4117 Est
1017 4066 1124 4117 autem
1155 4055 1323 4121 haecce
1352 4075 1389 4119 ea

188 4164 265 4228 Dei
287 4161 402 4227 actio
426 4162 472 4224 ad
496 4170 619 4224 extra
640 4159 794 4236 libera,
827 4180 898 4244 qua
929 4180 999 4224 res
1021 4180 1163 4223 omues
1184 4158 1225 4223 in
1248 4160 1389 4225 mundo

189 4268 416 4333 secundum
437 4266 574 4352 ipsius
605 4263 928 4349 sapientissima
957 4264 1141 4330 consilia
1164 4263 1389 4351 disponun-

187 4386 255 4438 tur
277 4394 323 4439 ae
346 4371 604 4458 diriguntur,
626 4382 668 4435 ut
689 4370 815 4446 fines,
849 4391 953 4455 quos
986 4370 1069 4434 sibi
1090 4373 1391 4458 praescriptos

188 4479 351 4552 habent,
374 4477 597 4565 attingant,
620 4478 764 4562 adeoque
786 4486 919 4539 naturae
941 4475 1105 4540 inferioris
1127 4476 1252 4543 ordinis
1275 4476 1392 4543 naturis

188 4585 308 4649 ordinis
331 4583 510 4670 superioris
531 4581 730 4656 inserviant,
752 4602 850 4665 porro
873 4592 1008 4649 naturae
1030 4581 1097 4646 vita
1118 4582 1248 4649 animali
1272 4584 1391 4671 quiden
