2926 5168
183 373 344 448 mma,
378 368 440 428 sttl
468 367 669 430 satiemur
694 366 1021 444 erfonidetroetos-
1037 373 1073 431 in
1104 373 1233 430 terem
1269 369 1407 434 mdes

188 466 388 545 muntem
405 473 445 533 sis
456 472 617 547 jsdtetsm
636 475 814 552 reseranti,
836 465 933 546 (ἀλλὰ
952 483 1066 555 samec
1085 469 1183 552 ζόφου
1205 471 1404 555 ‘W

187 575 418 656 westsere,
437 574 534 658 aptos
550 574 771 662 amaseae),
787 573 925 640 omentis
944 572 1095 663 ealigine
1114 574 1148 640 tn
1168 586 1341 642 mamos-
1352 578 1401 642 ds·

187 687 309 745 tersas
319 679 453 746 tradidit
472 679 659 746 sanandos
671 680 713 744 ad
728 678 896 764 judicium,
914 697 981 766 qno
996 696 1112 744 eorum
1128 679 1271 766 ceperitis
1289 698 1400 746 eoram

187 793 255 850 tnta
277 785 397 850 ntssdo
417 786 620 850 cadomum
651 804 694 850 eo
719 785 828 851 minus
860 783 1009 874 effugere
1031 796 1186 871 poterant
1206 785 1270 852 Dei
1287 787 1400 872 jada·-

187 900 251 969 ntd,
272 889 327 977 poi
347 896 521 976 pesuerunt
541 890 726 978 dogmatum
747 903 900 957 anderes
922 901 996 955 suat
1016 909 1056 956 ac
1075 889 1228 978 maglstrl
1253 891 1292 976 ¹).
1329 892 1399 972 Quo

186 995 227 1061 in·
240 996 314 1061 loeo
344 995 408 1060 duo
435 995 563 1070 meant,
591 994 737 1079 Angelos
766 995 892 1082 aliquos
919 1014 1100 1081 peccasse,
1131 1007 1228 1081 atque
1256 1016 1320 1062 eos
1342 1018 1399 1083 prn

95 1142 99 1146 -
187 1107 326 1186 petottto
347 1099 524 1166 commisso
551 1101 808 1185 ·poenas·luere;
839 1099 924 1166 unde
953 1100 1134 1186 Apostolus
1152 1099 1268 1177 infert,
1301 1084 1399 1167 falsos

186 1203 343 1269 domoras
364 1202 487 1289 pau‘ter
508 1204 647 1281 batere,
679 1222 773 1290 quem
800 1203 937 1270 timeant
958 1203 1113 1289 jndicem.
1142 1205 1233 1270 ldsm
1264 1224 1398 1291 prorsns

186 1309 284 1375 tradit
296 1329 422 1395 qnoque
438 1311 461 1375 J
470 1310 579 1387 udas,
601 1308 655 1395 qul
670 1309 731 1375 ait:
753 1310 1156 1394 dommuccensem
1176 1321 1397 1382 amaseam,

183 1421 401 1495 principatum
423 1414 531 1500 (suam
552 1414 762 1504 dignitatem,
789 1435 851 1479 seu
877 1418 1020 1501 priorem
1053 1413 1312 1500 conditionem),
1332 1423 1398 1480 —sed

184 1521 427 1600 dereliquerunt
444 1541 539 1584 sunm
560 1523 750 1585 domicilium
779 1519 910 1596 (sedern
940 1517 1022 1603 ipsis
1044 1519 1264 1607 assignatam,
1293 1521 1395 1585 coele·

186 1608 308 1709 slent),
333 1627 368 1688 s‘st
381 1626 542 1702 judicium
562 1630 672 1705 mayel
692 1628 758 1688 αὖοι·
777 1626 915 1689 ammte
937 1629 1081 1689 aeternis
1101 1627 1162 1688 sud
1182 1629 1325 1706 calipius
1345 1648 1396 1690 re·

187 1734 325 1795 sesamis
346 1739 385 1803 ²).
414 1723 541 1796 Sensus
572 1741 641 1795 este
671 1725 830 1796 Dominus
851 1734 954 1796 Jesus
973 1730 1123 1819 Angelos
1146 1730 1360 1808 desertores,
1380 1752 1396 1796 e

186 1834 280 1900 coelo
300 1820 544 1922 praecipitatos,
567 1833 723 1901 inlocum
740 1834 969 1925 caliginosum.
992 1854 1051 1899 seu
1069 1833 1230 1900 infernum
1250 1834 1397 1912 detrusit,

185 1937 218 2005 in
235 1960 298 2026 quo
318 1946 407 2006 velut
419 1940 611 2029 quibusdam
631 1939 785 2019 vinculis,
806 1940 911 2026 iisqne
928 1937 1113 2026 perpetuis,
1134 1938 1274 2005 traditos
1296 1952 1333 2006 et
1347 1940 1396 2006 ed·

186 2045 322 2110 strictos
340 2043 502 2120 servavit,
531 2064 571 2110 sc
593 2056 726 2120 servat,
748 2046 824 2109 dunt
848 2043 911 2110 sibi
934 2044 974 2108 ad
994 2042 1150 2130 judicium
1168 2042 1247 2109 illud
1270 2044 1395 2110 nniver-

185 2150 255 2217 sale
286 2150 522 2234 exhibeantur,
543 2170 654 2216 coram
679 2161 748 2216 toto
774 2149 892 2216 mundo
920 2171 1000 2216 sune
1030 2149 1246 2215 damnationis
1270 2161 1396 2216 senten·

185 2240 262 2321 tiam
289 2254 463 2342 accepturi.
491 2245 590 2337 Quod
612 2274 694 2345 ergo
722 2252 841 2320 Petrus
873 2253 1063 2340 simpliciter
1095 2252 1209 2330 effert,
1249 2255 1396 2344 Angelos

185 2362 341 2448 quosdam
362 2381 532 2448 peccasse,
553 2359 707 2447 idipsum
719 2361 822 2425 Judas
844 2358 972 2425 verbis:
995 2381 1061 2424 nea
1077 2367 1397 2425 asseverantem

182 2470 406 2548 primatum,
428 2467 488 2529 sed
500 2468 742 2548 dereliquerunt
759 2487 854 2532 suum
876 2469 1083 2548 domicilioru,
1105 2462 1269 2542 enuntiat,
1303 2475 1395 2551 atque

185 2592 333 2661 poenam,
349 2592 444 2657 quant
454 2570 527 2638 ideo
539 2573 624 2648 dant,
639 2581 808 2636 aeternum
819 2592 896 2636 esse
908 2572 1106 2646 duraturam,
1125 2564 1236 2646 utille,
1248 2567 1396 2635 affirmat

307 2674 348 2742 Β.
377 2674 470 2742 Hanc
491 2675 680 2751 doctrinam,
702 2677 850 2765 Angelos
881 2675 1008 2742 scilicet
1038 2675 1193 2761 quosdam
1224 2694 1396 2760 peccasse,

183 2768 302 2846 P'stres
320 2800 383 2847 uuo
402 2801 459 2846 ore
479 2783 623 2860 tradunt,
644 2792 759 2848 conua
775 2779 956 2846 Gnosticos
978 2792 1012 2846 et
1031 2777 1244 2846 Manichaeos
1270 2781 1393 2847 adstru-

184 2898 288 2962 entes,
304 2907 418 2952 nmnes
431 2888 588 2974 Angelos,
607 2885 704 2951 etiam
721 2887 908 2962 daemones,
923 2887 1024 2952 aDeo
1041 2895 1173 2951 creatos
1189 2905 1267 2951 esse
1281 2885 1394 2961 bonos,

184 3002 326 3057 attamen
343 2991 444 3057 hosce
462 2994 628 3079 peccando
647 2991 752 3058 factos
774 3013 850 3058 esse
866 2993 970 3057 malos
990 2991 1029 3075 ⁸).

309 3093 346 3162 0.
367 3094 419 3161 Ea
439 3117 564 3183 qnoque
584 3118 712 3184 semper
737 3096 797 3161 luit
812 3094 895 3162 fides
917 3094 1111 3171 Ecclesiae,
1140 3094 1268 3161 solenni
1288 3092 1393 3162 defini·

183 3208 271 3269 tinne
288 3200 452 3267 enuntiata
474 3201 506 3267 in
525 3202 626 3269 Cone.
653 3200 929 3268 Lateranensi
947 3200 1028 3279 1V.,
1050 3202 1133 3287 qnod
1158 3200 1288 3266 statuit:
1311 3203 1392 3266 llis·

182 3311 273 3373 lotus
295 3319 328 3372 et
347 3309 518 3372 mones
546 3313 603 3372 olii
631 3331 652 3372 ιι
672 3309 742 3371 Deo
771 3311 898 3391 quidem
928 3309 1051 3371 naturd
1071 3313 1171 3371 erecti
1201 3318 1282 3371 sunt
1309 3310 1391 3390 tant,

184 3415 245 3477 sed
263 3416 328 3494 ipsi
343 3434 405 3496 per
425 3433 462 3476 se
479 3417 564 3490 fseli
584 3420 662 3477 ment
680 3414 758 3476 moli
778 3411 818 3497 ⁴).

307 3518 351 3586 Ι).
373 3519 438 3582 Ast
452 3516 525 3602 ipsa
549 3516 663 3582 rat-io
680 3516 768 3582 idest
791 3515 983 3583 necessario
1006 3514 1175 3604 intelligit,
1197 3514 1302 3583 malos
1331 3519 1392 3582 Au·

183 3623 288 3712 gelos,
305 3625 438 3710 porum
451 3620 659 3687 existemum
672 3620 830 3687 revelatio
846 3621 942 3686 modo
955 3620 1137 3686 indubitato
1152 3621 1262 3699 tradit,
1278 3623 1393 3689 solnm·

183 3729 280 3792 modo
304 3726 471 3814 peccando
494 3737 591 3812 atque
604 3726 767 3792 'libertate
790 3746 850 3791 sna
871 3726 1034 3792 abutendo
1061 3739 1153 3792 ortos
1173 3747 1250 3792 esse
1274 3748 1394 3813 posset

183 3852 279 3918 quum
295 3832 454 3916 Denspro
471 3828 594 3895 infinita
611 3851 669 3895 sua
687 3830 858 3895 sanctitate
875 3850 914 3896 ac
932 3829 1144 3919 benignitate,
1161 3841 1314 3916 utsupra
1329 3835 1395 3919 jam

184 3928 397 4021 ostendimus,
416 3947 549 4001 naturas
566 3956 625 4020 per
641 3956 679 4002 se
698 3930 799 4002 malas
816 3935 957 4002 condere
974 3933 1104 4003 minime
1121 3934 1236 4022 possit

180 4104 185 4113 ,
267 4043 428 4107 Observ.
449 4042 605 4120 Quodnam
628 4046 805 4105 nominatim
827 4045 922 4106 luerit
942 4054 1098 4123 peceatum
1120 4047 1158 4109 ab
1176 4046 1310 4126 Angelis
1331 4068 1395 4129 per·

24 4178 30 4183 -
134 4220 136 4223 ¹
182 4157 346 4227 patratum,-
367 4149 478 4211 Pauus
499 4163 559 4211 non
582 4151 786 4213 eonmtisnt.
809 4148 937 4226 Quidam
957 4150 1050 4223 enirn,
1073 4151 1123 4230 pal
1146 4168 1284 4232 eorpsrs
1298 4157 1395 4236 Arge·

218 4338 242 4406 ¹)
260 4341 286 4391 2.
302 4339 382 4394 Pelr.
399 4340 425 4400 2,
443 4339 471 4393 ds

217 4422 244 4493 ²)
262 4427 329 4482 sno.
345 4430 372 4480 ο.

217 4513 243 4583 ³)
262 4518 306 4572 cl.
325 4514 351 4584 l.
368 4519 394 4571 t.
411 4531 441 4584 p.
460 4518 521 4571 teo.

218 4606 243 4678 4)
262 4610 292 4667 0·
310 4612 393 4675 vet.
412 4611 443 4663 0.
461 4607 590 4676 illaesi,
608 4611 681 4666 vell.
698 4608 833 4668 (ΜΗ.
848 4610 895 4667 22ι
912 4622 940 4665 s·
960 4610 1074 4667 set-a
