2926 5168
119 352 258 418 Tolet.
280 350 306 418 l.
328 372 357 418 a.
378 353 442 418 400
469 352 519 416 vel
549 373 577 416 a.
599 355 669 420 1117.
702 360 749 429 1),
772 350 872 415 Cone.
903 352 1036 415 Tolet.
1065 351 1120 416 lll.
1144 353 1266 419 11589.
1289 353 1326 434 ²),

119 456 223 523 Cone.
255 457 438 541 Forojul.
466 476 496 522 a.
519 457 588 524 791.
618 465 668 537 ³),
699 456 797 521 Cone.
826 454 1073 542 Aquisgran.
1097 477 1115 519 a
1135 461 1208 524 899.
1231 462 1271 538 ⁴),
1295 468 1328 520 et

120 563 301 629 Concilium
321 564 376 627 Ar
387 563 478 628 elat.
496 583 523 627 a.
539 565 611 630 813.
634 561 674 646 ⁸).
698 561 850 625 Solennis
866 572 974 626 tamen
996 560 1140 625 definitio
1157 561 1326 627 doctrinae

118 670 151 735 in
175 668 249 734 sinu
268 667 441 734 Ecclesiae
469 665 650 731 custoditae
678 665 797 730 clarius
825 665 951 749 prolata
982 664 1040 729 luit
1068 665 1100 728 in
1132 664 1327 730 Concilio

119 775 314 839 Lateran.
336 773 393 838 1v.
416 793 444 838 a.
468 776 574 848 1215,
596 771 647 835 eui
677 791 833 834 unacum
865 770 936 834 aliis
959 793 1022 836 non
1050 771 1162 855 paucis
1196 769 1328 858 graecis

119 878 331 944 Praesnlibus
346 878 561 944 interfuerunt
575 878 786 944 Patriarchae
808 877 1184 963 constantinopolitanus
1205 889 1239 941 et
1251 876 1327 942 llio

119 982 398 1068 rosolymitanus,
430 995 463 1049 et
493 983 524 1048 in
551 1004 614 1068 quo
644 981 920 1048 consentientibus
939 982 1159 1049 Orientalibus
1182 993 1215 1048 et
1236 981 1329 1048 Occi·

121 1088 323 1166 dentalibus,
350 1101 384 1154 at
410 1089 503 1155 brevi
533 1109 614 1174 pace
635 1101 752 1172 rupta,
775 1087 937 1152 delinitum
968 1101 1036 1153 ert:
1066 1092 1208 1152 Patere
1228 1091 1330 1168 nala,

121 1198 231 1260 Filius
250 1220 272 1261 a
292 1203 406 1279 Patre,
428 1196 569 1277 Spiritum
591 1196 625 1260 S.
647 1199 695 1258 ab
722 1204 899 1275 atroque
923 1201 1064 1272 pariter,
1087 1200 1209 1276 absque
1230 1197 1329 1267 mio,

121 1296 1330 1386 ιιαραοίγῑοισ·).Τιιω1(ἓοιιο.Ι.ιιςᾶιιη.1134273111)

123 1402 341 1492 Gregorio
363 1406 411 1478 x.
433 1402 487 1469 ubi
508 1403 659 1468 restituta
677 1403 804 1478 unione,
825 1403 944 1468 Graeci
968 1416 1001 1467 et
1017 1403 1123 1466 Latini
1139 1403 1331 1486 Symbolum

122 1531 195 1576 curn
220 1509 392 1595 particula:
414 1512 622 1593 Filioque,
645 1509 696 1574 bis
718 1511 930 1574 decantarunt
941 1517 979 1586 ⁷).
1000 1510 1140 1573 Demum
1163 1530 1182 1573 a
1204 1506 1330 1576 (lonc.

116 1613 362 1681 ¹lllorentino
384 1635 413 1681 a.
438 1615 527 1682 1139.
550 1615 605 1678 ubi
627 1614 786 1691 omnibus,
806 1614 839 1679 in
862 1614 977 1700 quibus
994 1614 1194 1679 dissidebant
1210 1613 1330 1678 Graeci

124 1731 156 1786 et
177 1719 304 1795 Latini,
326 1718 486 1804 capitibus
508 1719 681 1808 diligenter
704 1720 872 1796 excussis,
904 1719 1065 1785 communi
1097 1739 1258 1784 consensu
1278 1719 1332 1782 de·

123 1824 247 1891 finitum
268 1824 345 1899 luit,
367 1845 482 1891 omnes
504 1822 708 1890 Christianos
736 1824 883 1910 profiteri
906 1826 1046 1900 debere,
1075 1827 1159 1910 quod
1188 1824 1333 1904 Spiritus

122 1930 159 1995 S.
181 1951 235 1993 ea
255 1933 383 1994 Patre
404 1938 444 1992 et
472 1934 590 1996 Filio
618 1933 902 1995 aeternaliter
928 1939 1011 2006 est,
1045 1938 1082 1993 et
1103 1936 1332 1995 essentiam

123 2049 252 2115 suani,
272 2055 470 2119 suamque
499 2057 594 2098 esse
615 2039 923 2099 subsistens
947 2039 1097 2118 babet,
1131 2056 1187 2097 em
1207 2037 1334 2097 Patre

122 2146 253 2203 simul
281 2147 322 2203 et
346 2142 511 2220 Filio,
542 2142 841 2203 aeternaliter
869 2162 920 2204 en
940 2149 1125 2224 atroque,
1148 2147 1277 2203 Patre
1298 2147 1335 2202 et

123 2247 455 2327 Rhadamant
470 2250 511 2307 ab
527 2266 603 2308 aaa
613 2250 838 2325 principle,
854 2257 896 2308 et
910 2251 1029 2309 unica
1041 2248 1334 2325 inspiratione

120 2351 324 2429 procedat,
345 2347 501 2435 simulque
527 2350 743 2425 declaratum,
767 2349 981 2414 additionem:
1004 2353 1224 2430 Filioque,
1246 2347 1333 2413 licite

124 2464 157 2519 et
185 2451 419 2518 rationabiliter
447 2454 604 2536 Symbola
646 2453 749 2518 fuisse
779 2454 981 2539 appositam,
1014 2466 1154 2540 excepto
1185 2455 1333 2518 Marco

123 2557 357 2644 Ephesino,
388 2557 442 2642 qui
471 2558 586 2623 deinde
611 2561 782 2625 nonnullos
813 2580 972 2646 sequaces
1001 2572 1115 2625 nactus
1145 2571 1205 2623 est.
1239 2558 1333 2623 Nulla

124 2677 232 2731 tamen
253 2663 381 2748 publiea
401 2663 476 2729 lidei
497 2665 701 2748 professione
723 2666 909 2752 impugnata
931 2678 1016 2742 sont,
1037 2687 1120 2752 quae
1141 2665 1174 2730 in
1196 2665 1330 2749 Synodo

123 2769 310 2836 Florentino
332 2780 454 2833 statuta
477 2781 510 2833 et
531 2771 664 2836 definita
686 2783 780 2836 erant
801 2780 840 2847 8).

249 2876 291 2939 Ι).
312 2874 438 2939 Deinde
460 2873 611 2940 llcclesia
632 2889 767 2963 utraque
796 2877 932 2944 firmiter
964 2898 1094 2962 semper
1125 2877 1228 2942 tenuit
1248 2877 1332 2941 ordi-

124 3004 199 3049 nem
220 3000 443 3066 personarum,
466 2992 563 3064 prout
581 2981 669 3047 illum
693 2983 845 3049 Christus
875 2984 1037 3049 Dominus
1060 2983 1189 3047 verbis:
1218 2992 1332 3064 Bapti-

123 3097 238 3154 sanes
257 3108 312 3151 eos
331 3091 367 3149 irs
387 3091 514 3150 nomiae
534 3095 656 3163 Patris,
684 3101 715 3152 et
735 3092 830 3164 ntra,
861 3097 896 3154 et
913 3095 1054 3171 spirim
1075 3090 1138 3169 8.,
1169 3087 1332 3164 indicavit,

125 3195 212 3261 nollo
233 3193 329 3257 modo
349 3191 512 3256 immutari
533 3203 589 3256 aut
608 3192 726 3258 inverti
748 3215 849 3279 posse
872 3204 910 3273 9).
931 3196 1007 3258 dam
1029 3194 1113 3259 nulla
1134 3193 1216 3259 ratio
1239 3193 1333 3259 vide·

124 3307 176 3361 tur
199 3297 357 3369 subesse,
387 3312 487 3381 quare
518 3295 661 3380 Spiritus
688 3299 723 3362 S.
754 3299 870 3365 tertius
900 3299 1013 3364 ordine
1044 3311 1200 3384 ponanrr,
1231 3298 1333 3364 ninia

125 3401 206 3467 Filio
228 3400 324 3466 simul
345 3399 503 3486 originem
526 3401 649 3465 habeat.

209 3505 314 3571 Porro
335 3504 368 3568 in
390 3504 506 3571 divinis
526 3505 633 3571 omnia
654 3519 853 3583 santonum,
876 3508 929 3574 nbi
950 3530 1012 3572 non
1036 3509 1146 3574 obviat
1166 3508 1331 3573 relationis

125 3608 307 3696 oppositi03
337 3630 411 3675 nam
441 3610 474 3676 in
495 3612 568 3676 Deo
597 3611 683 3675 nulla
705 3612 766 3676 alia
788 3612 949 3698 oppositio
982 3614 1136 3696 relativa,
1158 3634 1247 3697 ‚quae
1270 3635 1332 3677 non

160 3864 187 3926 ¹)
204 3865 275 3921 lter.
290 3864 335 3919 ra.
350 3858 490 3919 Manat,
509 3861 580 3911 Call·
597 3862 681 3911 Coae.
699 3860 733 3913 Τ.
749 3862 772 3911 3·
789 3874 813 3910 e.
833 3864 909 3914 1093.

160 3947 187 4013 ⁸)
204 3952 270 4003 Fir.
286 3952 317 4001 8.
330 3950 403 4001 150.
417 3952 476 4001 Pr.
490 3950 522 4000 0.
535 3951 615 3999 Petit.
634 3947 677 4002 lb.
687 3949 720 4002 T.
735 3953 761 4000 9.
770 3965 793 4002 c.
809 3953 867 4003 981.
885 3954 982 4002 Arreti.
993 3954 1020 4000 3.
1035 3965 1058 4003 e.
1072 3952 1131 4002 985.

161 4033 188 4104 ³)
208 4042 300 4101 Sunt.
313 4042 361 4099 fid.
378 4035 419 4090 lb.
437 4037 471 4089 T·
484 4040 526 4091 13.
543 4050 568 4089 c.
583 4037 644 4091 812.

160 4126 187 4196 9)
205 4127 248 4182 lb.
266 4128 300 4181 T.
319 4128 361 4179 lt.
374 4142 400 4180 c.
416 4130 448 4178 17
465 4141 505 4177 ss.

159 4224 185 4280 ὅ)
205 4220 273 4270 Can.
288 4222 316 4268 1.
330 4216 373 4271 lb.
386 4231 412 4272 e.
426 4219 470 4270 58.

157 4299 184 4370 ⁶)
203 4307 236 4359 G.
252 4310 279 4356 1.
295 4308 337 4358 De
349 4309 396 4365 tid.
411 4308 487 4358 cati.
504 4304 547 4359 lb.
564 4305 597 4357 T.
613 4307 655 4356 22.
671 4318 694 4358 e,
712 4304 822 4354 ast-2.

158 4393 454 4459 UMTQeffi

158 4479 183 4550 ⁸)
202 4487 290 4543 Delta.
308 4482 350 4536 11).
368 4485 401 4536 T.
414 4486 456 4536 31.
473 4500 497 4536 c.
513 4485 580 4536 1026
593 4497 636 4534 ss.

159 4570 185 4636 ⁹)
204 4573 249 4628 cr.
266 4573 391 4626 Basti.
409 4578 451 4628 ne
470 4576 541 4633 spur.
562 4576 591 4625 s.
610 4589 634 4624 ο.
654 4574 701 4623 rs.
720 4588 746 4624 a.
764 4577 814 4623 aa.
832 4569 902 4637 opp.
922 4571 955 4625 r.
974 4574 999 4626 3.
1012 4587 1045 4642 Δρ.
1064 4575 1105 4624 uo.
