2926 5168
432 835 626 947 Pars
664 831 1023 947 Secunde.

124 1102 181 1178 De
206 1106 389 1202 operibus
414 1105 572 1194 diuinis,
598 1130 667 1182 see
693 1106 740 1180 de
764 1107 954 1180 relatione
970 1102 1045 1180 Dei
1069 1105 1123 1179 od
1144 1107 1326 1182 muudum

613 1247 829 1301 uniuersam.

597 1407 870 1516 (Koopoioyiu.)

543 1652 568 1734 t.
593 1650 627 1719 1.
650 1646 897 1747 [mensio.

205 1817 368 1901 Exposita
397 1817 544 1882 doctrina
573 1818 613 1883 de
640 1818 733 1893 Deo,
763 1818 795 1883 in
827 1838 864 1882 se
895 1826 1058 1901 spectato,
1087 1816 1262 1883 transimus
1290 1823 1328 1884 ad

123 1924 310 1989 tradendam
333 1923 513 1989 doctrinam
536 1923 577 1987 de
599 1923 754 2008 operibns
776 1922 912 1997 divinis,
934 1941 993 1987 seu
1015 1922 1055 1987 de
1077 1921 1151 1987 Deo
1178 1924 1218 1987 ad
1240 1945 1328 1990 mun·

122 2025 196 2092 dum
216 2029 329 2094 relato.
362 2029 637 2108 Quemadmodum
656 2028 741 2094 enim
759 2029 851 2093 Deus
867 2029 908 2093 ad
924 2025 1007 2093 iutra
1040 2028 1138 2093 modo
1168 2049 1326 2096 necessa

120 2132 169 2198 rio
191 2153 251 2198 aua
271 2132 396 2201 infinita
416 2132 604 2221 cognitione
626 2145 721 2219 atque
749 2132 922 2199 dilectione
952 2132 1163 2218 semetipsum
1192 2147 1329 2221 generat

121 2259 158 2302 ac
166 2238 327 2324 producit,
341 2239 441 2304 etheo
461 2239 585 2303 ratione
601 2260 692 2303 suam
706 2237 862 2317 infinitam
878 2237 1105 2319 perfectionem
1122 2247 1218 2323 atque
1235 2239 1328 2305 abso

119 2344 217 2411 lutam
237 2345 335 2411 vitam
344 2345 545 2430 spiritualem
568 2356 721 2410 testatem
748 2344 970 2420 aciutaret
999 2353 1094 2409 extra
1115 2343 1217 2411 libere
1240 2365 1328 2408 mun-

121 2449 194 2513 dum
218 2448 340 2514 finitum
362 2470 401 2513 ac
422 2448 683 2536 contingentem,
705 2460 816 2534 utpote
834 2448 896 2513 sibi
914 2448 979 2513 enti
1003 2445 1126 2513 infinito
1153 2468 1193 2513 ec
1213 2468 1328 2513 necee-

121 2553 209 2619 sario
235 2554 443 2638 oppositum,
464 2566 635 2639 procreat,
666 2575 821 2640 suamque
846 2556 1070 2640 majestatem,
1101 2552 1327 2628 existentiam,

120 2656 319 2742 sapientiam,
339 2664 517 2744 potentiam
539 2680 578 2726 ac
602 2660 795 2727 charitatem
816 2660 1012 2734 absolutam,
1027 2657 1122 2746 quasi
1143 2657 1176 2724 in
1197 2657 1327 2739 speculo

120 2782 157 2826 ac
178 2761 321 2849 imagine
343 2762 547 2829 manifestam
561 2765 685 2841 reddit,
709 2771 753 2830 ita
770 2777 805 2829 ut
824 2767 997 2831 inuisibilia
1013 2769 1117 2846 ἐρείπια
1138 2802 1179 2814 -
1197 2787 1259 2845 per
1277 2786 1325 2836 ea,

120 2889 202 2951 quoe
223 2874 317 2950 foeta
338 2876 430 2946 suot,
451 2875 610 2936 intellecto
632 2875 954 2953 conspiciuntur
976 2868 1012 2951 ¹).

564 3060 592 3143 t
613 3057 650 3129 2.
671 3059 877 3131 Mundae.

202 3208 346 3274 Mundi
367 3209 516 3285 nomine,
539 3216 594 3272 noi
609 3206 741 3294 κόσμου,
763 3209 852 3276 venit
868 3208 1050 3294 complexio
1069 3207 1220 3284 omnium,
1243 3231 1325 3296 quae

120 3325 250 3404 praeter
261 3315 369 3401 Deum
387 3316 519 3391 denua,
541 3335 652 3381 rerum
680 3314 893 3400 spiritualium
917 3334 1019 3400 eaque
1035 3333 1074 3381 ec
1091 3333 1323 3398 corporearum

120 3437 192 3482 cum
208 3419 275 3482 suis
296 3419 459 3486 existendi
474 3420 593 3496 modis,
615 3419 891 3506 proprietatibus,
922 3419 1055 3494 viribus,
1090 3416 1324 3495 affectionibus,

120 3544 179 3587 seu
223 3524 406 3609 complexio
449 3523 591 3590 omniunt
637 3547 746 3590 rerum
776 3524 948 3600 finitarum,
970 3545 1044 3590 eum
1064 3522 1207 3588 infinitus
1235 3524 1325 3588 solus

119 3629 210 3694 Dens
230 3628 283 3694 sit.
358 3699 361 3706 ,
648 3692 652 3706 ,

201 3735 238 3799 ln
261 3736 325 3800 SS.
346 3735 536 3803 Litteris
558 3736 731 3801 mundus
753 3756 813 3803 seu
833 3755 977 3801 rerum
1006 3743 1159 3800 natura
1186 3732 1323 3819 plerum·

119 3861 180 3927 que
202 3843 321 3906 uocum
330 3888 344 3925 ,
365 3850 398 3906 et
416 3853 505 3907 terra
526 3841 722 3927 adpellem,
745 3841 860 3927 quibus
901 3863 1008 3915 mue,
1037 3847 1071 3904 et
1095 3845 1220 3915 muta,
1241 3862 1324 3924 puae

119 3952 153 4010 io
173 3952 223 4010 eie
242 3956 336 4030 aaut,
357 3969 418 4013 seu
439 3953 542 4013 omia
562 3957 697 4015 ornatus
711 3968 819 4014 eorum
842 3944 989 4030 adjicitur
1011 3945 1062 4031 ⁹);
1093 3965 1189 4035 porro
1221 3967 1324 4010 ener-

119 4057 219 4128 ritee,
242 4059 353 4174 ἓξὲξ,
375 4075 438 4140 qua
458 4073 541 4118 voce
559 4075 622 4118 uon
640 4053 753 4118 stellae
770 4052 885 4126 solum,
908 4051 966 4115 sed
986 4070 1099 4114 omnes
1119 4051 1247 4115 omnino
1267 4071 1323 4115 res

120 4217 249 4272 creatae
264 4206 503 4294 intelliguntur,
534 4218 646 4292 utpote
678 4226 759 4291 quae
785 4224 898 4269 omnes
945 4203 1145 4268 voluntatem
1181 4204 1320 4268 divinam

152 4493 176 4557 ¹)
193 4491 275 4542 Rom.
295 4491 320 4554 l,
337 4490 380 4540 2⁰.

150 4579 174 4645 ¹)
193 4580 267 4633 Gen.
287 4581 312 4642 1,
331 4581 354 4630 l.
373 4579 423 4630 Pe.
442 4577 500 4636 ne,
519 4579 560 4630 15.
578 4575 650 4630 Gen.
668 4577 694 4637 2,
713 4577 739 4630 1.
755 4575 820 4629 Aet.
837 4573 863 4636 a,
880 4575 920 4628 ²11.
938 4578 968 4626 et
984 4572 1021 4625 nl.
