2926 5168
145 231 209 298 228

230 384 393 444 Observ.
419 385 445 447 l.
477 385 601 444 Summa
630 387 688 445 Dei
709 385 842 465 dignitas
869 407 923 448 seu
951 388 1113 469 numesius,
1136 398 1288 470 quqtquus
1324 393 1350 452 in

146 491 287 569 operibus
305 491 415 548 divinis
433 501 602 567 comparet,
627 502 657 551 et
672 494 833 570 praecipue
845 501 991 570 quatenus
1013 497 1165 557 anaturis
1179 493 1350 575 intelliges·

144 599 225 660 tibus
256 598 430 676 agnoscitur
470 614 505 656 ao
538 598 663 665 colitur,
693 599 802 671 dicitur
824 596 969 677 gloria
992 599 1151 674 diviua,
1175 621 1272 691 eaque
1296 623 1351 662 ox·

146 716 231 764 tern
243 724 277 774 a,
301 705 330 760 in
351 702 435 778 cujus
449 704 639 783 oppositione
655 703 869 785 deindedivina
879 705 1025 787 majestas
1035 707 1124 787 eQ
1141 690 1353 783 glo'riauoi

144 813 300 881 interna
322 806 677 887 adpelletur.Quosensu
691 810 733 868 ait
746 810 962 888 Propheta:
981 813 1082 891 Plena
1094 816 1144 881 esi
1156 817 1354 893 minima

144 917 289 992 pluria
312 916 405 990 ejas
427 919 464 986 ¹).
486 916 525 971 m
548 916 796 974 Psalmista:
820 914 866 976 Et
896 916 1090 994 benedictam
1118 935 1236 987 namen
1250 920 1354 998 mpie-

145 1023 241 1082 etatis
260 1023 329 1096 ejas
348 1023 382 1079 in
403 1025 588 1080 aeternam:
610 1029 642 1080 et
657 1019 829 1096 replebitur
850 1023 1086 1097 majestate
1105 1021 1240 1101 (gloria)
1263 1023 1358 1099 ejas

145 1130 278 1190 omnis
299 1132 443 1188 terra:
462 1128 539 1204 fiat,
558 1128 619 1204 fiat
639 1122 674 1207 ²).

229 1233 279 1293 Ob
294 1251 397 1293 serv.
419 1234 448 1296 2.
471 1230 555 1305 Quod
576 1233 603 1289 si
621 1240 721 1291 autem
742 1235 827 1292 Deus
845 1251 962 1293 summa
979 1234 1140 1309 majestate
1168 1243 1217 1311 est
1235 1237 1361 1315 conspi-

145 1361 237 1411 cuus,
260 1357 480 1416 supremusque
500 1356 604 1399 rorum
623 1333 754 1398 omnium
771 1338 936 1397 Dominust
1274 1320 1282 1327 ’

227 1467 254 1509 a.
278 1463 426 1516 summam
451 1445 478 1502 ei
504 1442 699 1505 exhibeamus
724 1444 944 1514 reverentiam,
974 1445 1142 1523 pudeatque
1160 1463 1238 1517 uas,
1263 1465 1372 1524 qiman

143 1556 203 1615 alia
220 1572 278 1612 non
296 1553 496 1610 aestimentur
515 1566 550 1606 ao
571 1557 728 1617 amentur,
752 1551 811 1608 nisi
829 1551 897 1626 quia
919 1551 996 1608 hona
1017 1560 1103 1622 sunt,
1126 1569 1185 1613 non
1212 1555 1406 1621 severeri

144 1681 178 1722 ac
195 1679 298 1720 auctare
314 1659 412 1734 ipsum
437 1673 585 1714 summum
605 1657 739 1725 Bonum,
763 1656 840 1713 unde
859 1657 937 1714 bona
952 1665 1036 1723 sunt3
1059 1666 1147 1732 atque

224 1767 253 1824 b.
277 1782 334 1823 nos
353 1762 412 1838 ipsi
429 1760 595 1819 humillime
608 1759 818 1834 subjiciamus,
843 1759 997 1836 eidemque
1017 1779 1138 1838 semper
1157 1761 1195 1821 ad
1212 1763 1426 1823 obedien-

143 1873 213 1931 dum
226 1869 334 1930 intenti
349 1869 455 1935 simus,
479 1874 508 1925 ot
522 1866 552 1924 in
566 1866 678 1923 nullius
695 1865 827 1925 hominis
843 1866 973 1944 gratiam
989 1867 1151 1943 iaciamus,
1170 1867 1253 1947 quod
1269 1871 1428 1933 Deum

141 1985 243 2053 vetat,
266 1983 317 2032 aut
334 1972 526 2040 omittamus,
550 1969 628 2046 quod
647 1971 733 2029 Deus
756 1972 925 2047 praecipit,
954 1979 1096 2043 monente
1128 1975 1429 2053 annotata:

145 2079 279 2142 obedire
298 2080 418 2156 oportet
429 2074 498 2140 Deo
516 2078 619 2153 mapie
627 2118 640 2154 ,
663 2092 758 2156 qaam
774 2075 955 2157 bominibus,
977 2079 1015 2154 3).

444 2254 469 2336 i.
494 2251 557 2324 28.
581 2249 643 2320 15.
667 2269 703 2322 c.
731 2251 1046 2346 Beatissimae.

226 2404 384 2479 Tandem?
403 2405 550 2491 quoniam
568 2404 689 2470 infinite
710 2407 893 2489 perlectus,
919 2406 1013 2472 etiam
1046 2403 1168 2473 infinite
1191 2403 1434 2475 beatu&

140 2514 232 2578 Deus
247 2524 306 2577 est.

223 2615 417 2704 lntelligitur
432 2617 613 2683 autemsub
632 2615 908 2685 beatitudine
930 2616 962 2681 in
982 2617 1055 2682 Deo
1078 2636 1126 2701 aa
1146 2614 1437 2686 theotute‘

141 2726 238 2808 ejus
262 2721 557 2805 conditio,qua
578 2720 731 2806 ipsese
754 2733 952 2806 tanquam
973 2743 1165 2789 summum
1179 2723 1438 2799 Bonum-a

143 2848 215 2892 sen
239 2824 609 2912 perfectissimum
631 2847 706 2909 per
729 2847 772 2890 se
795 2827 999 2893 absol-ute
1028 2846 1074 2891 ac
1106 2827 1439 2910 perlectis-³

142 2933 248 2997 sime
292 2930 541 3018 cognoscit,
586 2929 760 3015 sibique
805 2951 963 2999 summe
1006 2933 1441 3015 aanecoasaoio-ta

141 3037 391 3123 complacet
413 3034 736 3119 etacquiescit.

135 3208 138 3221 ,
224 3144 333 3206 Deum
346 3141 569 3204 beatissimum
588 3161 681 3215 esse,
703 3160 799 3206 nemo
809 3141 1047 3208 baereticorum
1062 3163 1202 3228 anquam
1218 3143 1414 3233 negavi·
1437 3138 1446 3190 ῑ

142 3261 196 3314 aut
213 3248 245 3312 in
262 3245 392 3312 dubium
412 3245 560 3322 vocavit,
584 3247 641 3310 sed
661 3266 773 3311 omnes
788 3246 936 3323 omnino,
959 3248 1137 3335 quicunque
1162 3247 1446 3315 umbonum

141 3355 357 3420 censebantur
375 3351 514 3426 nomine,
537 3350 644 3434 prouti
661 3362 694 3414 et
709 3351 826 3416 «ludaei
845 3363 956 3428 antea,
978 3375 1038 3439 pen
1054 3354 1292 3442 revelafipnem
1308 3355 1403 3420 di‘
1417 3342 1448 3406 j·

141 3461 250 3526 vinam
264 3457 371 3523 edocti
388 3455 532 3540 professi
546 3468 628 3520 sunt.
650 3455 781 3521 Etenim
796 3455 952 3523 infinitam
970 3457 1035 3524 Ilei
1056 3459 1289 3527 beatimdinem

222 3567 263 3633 Α.
277 3566 396 3628 docent
406 3562 588 3627 clarissime
600 3562 661 3624 SS.
683 3560 891 3627 Litterae.
915 3561 972 3630 sie
994 3565 1454 3649 Apostolusllaunr¹¹

142 3682 239 3738 vocat
262 3671 428 3734 beatum
451 3669 477 3754 ⁴)
500 3665 563 3729 κατ’
586 3660 705 3750 ἐξοχὴν,
727 3662 778 3728 τὸν
805 3665 968 3753 pandone,
992 3669 1013 3734 i.
1029 3690 1059 3738 e,
1088 3671 1195 3735 solum
1220 3669 1459 3756 earcuo-⁰

144 3775 333 3843 necessario
360 3775 513 3848 beatum,
536 3773 589 3858 qui
615 3772 658 3835 sit
678 3773 752 3860 ipsa
777 3772 960 3850 beatitudo,
989 3774 1156 3860 omnisque
1184 3776 1411 3840 beatitatie
1425 3759 1461 3823 Β

142 3883 286 3970 largitor.
309 3882 413 3965 Atque
426 3879 543 3942 iterum
562 3877 689 3943 scribit:
710 3879 887 3956 Beatus,
911 3878 927 3942 ὁ
946 3874 1108 3964 μακάριος,
1131 3890 1163 3965 et
1183 3891 1278 3961 salas
1288 3887 1450 3965 pto-‘⁴

142 3998 232 4063 tens,
254 3991 330 4052 lien
346 4008 477 4066 repam,
501 3994 532 4047 et
551 3987 709 4048 Dominus
729 3990 978 4061 dominantium,
1001 3993 1057 4070 qai
1071 3988 1164 4071 soleas
1175 3990 1276 4073 babet
1289 3989 1454 4055 ιἠιν*

140 4096 385 4166 mortalitatem,
407 4104 438 4155 et
458 4094 561 4154 lacem
575 4093 733 4153 inhabitat
751 4095 1003 4166 inaccessibilem
1026 4095 1062 4170 ‘b

175 4285 200 4351 ¹)
219 4287 256 4337 ls.
274 4287 299 4336 θ.
318 4285 343 4335 3.
361 4284 403 4338 cl.
420 4284 509 4336 Exod.
527 4285 571 4347 2't,
591 4286 701 4338 16-17.

174 4376 200 4439 2)
218 4375 267 4425 Ps.
287 4377 328 4434 71,
349 4375 389 4423 19.

173 4460 198 4530 3)
216 4466 278 4516 Act.
296 4466 322 4524 ὅ,
341 4466 381 4515 29.

177 4550 203 4618 t)
224 4558 247 4605 1.
266 4554 337 4605 uim.
357 4556 381 4615 1,
401 4555 440 4603 ιι.

174 4639 198 4707 ⁵)
220 4647 242 4695 l.
260 4644 335 4697 Tim,
351 4644 378 4705 o,
398 4644 506 4694 lb—td.
