2926 5168
1263 271 1326 337 279

108 425 192 481 ante
218 422 433 499 principium
462 428 494 481 et
516 421 591 500 quia
617 424 685 496 ipse
709 437 832 499 quoqne
856 436 961 479 sermo
988 422 1112 480 ratione
1138 425 1325 494 consistens,

102 529 255 601 morem
276 545 346 585 eam
368 531 406 586 ut
426 525 637 585 substantiam
662 541 755 584 suam
778 524 932 585 ostendat.
969 525 1088 586 Tamen
1115 531 1148 586 et
1174 529 1221 588 eie
1245 528 1329 589 ninil

102 634 256 691 interest.
277 629 363 690 Nam
379 631 439 689 etsi
456 635 544 690 Dens
561 628 700 690 nondum
719 647 894 690 sermonen
913 648 1007 690 snum
1021 632 1170 703 miserat,
1190 633 1326 712 proinde

102 756 201 798 eum
233 754 317 795 eum
344 737 435 813 ipen
465 739 505 795 et
530 736 573 794 in
603 739 695 812 ipsa
723 739 889 796 ratione
922 739 1042 795 intra
1064 741 1326 816 semetipsum

102 843 305 919 natatui,
326 841 420 898 taeite
440 839 604 916 eopitando
634 847 666 902 et
693 839 887 915 disponendo
908 859 1034 913 seeum,
1068 860 1150 922 quae
1171 861 1325 920 manner

102 966 292 1010 sermonem
318 952 389 1007 erat
416 949 569 1006 diuturne.
604 947 680 1007 stim
709 949 834 1006 ratione
860 946 943 1005 enim
970 962 1032 1006 sua
1061 951 1205 1024 capitana
1234 953 1326 1027 nopae

102 1053 299 1130 disponens,
316 1067 493 1112 sermonem
511 1069 580 1110 eam
596 1051 762 1130 efficiebat,
786 1053 1326 1131 quamsermonetraetobat.1dque

102 1176 173 1238 μω
188 1158 325 1231 facilins
343 1155 506 1231 intetltpas
520 1172 566 1214 ee
582 1159 681 1233 teipso
701 1161 774 1215 onte
793 1173 998 1235 reeopnosae,
1022 1161 1058 1216 ut
1076 1176 1122 1219 en
1139 1159 1277 1236 insaniae
1296 1169 1328 1220 et

102 1261 323 1323 similitudine
347 1260 425 1331 na,
449 1277 546 1340 quum
567 1260 686 1320 labeas
713 1265 743 1319 et
770 1265 803 1320 tn
821 1262 856 1321 in
882 1261 1041 1338 temetipso
1068 1266 1241 1335 renonem,
1271 1269 1325 1345 qui

102 1388 136 1428 w
162 1367 293 1427 animan
306 1366 479 1436 rationale,
501 1365 690 1426 orationali
706 1365 827 1426 seilicet
844 1366 965 1444 artifice
980 1384 1046 1426 non
1065 1371 1185 1428 tantum
1199 1371 1324 1449 faetus,

102 1479 165 1534 red
188 1475 284 1532 etiam
301 1491 346 1533 ee
362 1471 540 1531 substantie
555 1473 659 1548 ipsius
684 1473 853 1532 animatus.
881 1470 976 1541 Vite,
1007 1491 1079 1533 eum
1094 1475 1209 1534 taeitue
1225 1478 1326 1534 teaune

102 1581 330 1656 ionqrederie,
352 1578 477 1638 ratione
491 1577 550 1637 liae
569 1579 670 1654 meum
690 1580 744 1653 api
759 1579 846 1637 intra
864 1582 904 1650 te,
927 1582 1112 1637 oecurrente
1128 1597 1168 1637 ea
1184 1580 1239 1639 titi
1254 1597 1326 1640 eune

102 1701 261 1745 tunsone
282 1689 325 1744 aa
343 1699 466 1743 omnem
483 1685 637 1760 eoqitatus
657 1685 703 1742 tui
721 1691 849 1754 matun,
871 1691 904 1743 et
924 1689 969 1742 aa
992 1700 1113 1743 omnem
1134 1701 1251 1746 aenam
1279 1689 1325 1746 tui

102 1789 249 1849 emaum.
273 1788 487 1866 Quodcunque
504 1789 711 1864 eopitaeeris,
733 1805 837 1848 sermo
856 1795 923 1863 eet,·
946 1787 1156 1868 quodeunque
1171 1793 1324 1863 senseris,

102 1897 194 1954 ratio
214 1900 273 1956 eet.
302 1889 466 1969 Loquaris
487 1892 622 1952 illudio
644 1894 750 1953 animo
776 1909 907 1952 neonae
934 1897 997 1976 eet3
1028 1898 1060 1953 et
1080 1893 1154 1953 dum
1171 1897 1323 1975 loqueris,

103 1998 335 2060 eeiloantorem
355 1999 479 2076 pateris
499 2015 694 2069 sunonem,
716 2000 751 2057 in
769 2016 831 2076 qno
848 1999 935 2058 inest
948 1997 1027 2057 liuee
1044 2000 1116 2075 ipsa
1135 2000 1217 2059 ratio
1225 2042 1238 2077 ,
1261 2016 1326 2080 qna

107 2122 183 2166 oum
203 2122 240 2163 eo
259 2104 403 2178 eopitans
419 2104 578 2183 loqoearie,
598 2122 656 2178 per
682 2121 773 2183 quem
788 2101 922 2180 loquens
939 2104 1072 2179 capitas.
1094 2103 1146 2162 Ita
1162 2103 1324 2164 secundus

111 2208 340 2290 quodammodo
354 2209 389 2267 in
407 2212 438 2266 te
457 2212 509 2267 eet
522 2225 645 2280 sermo,
664 2225 724 2286 per
741 2224 834 2287 quent
849 2209 989 2285 loqueris
1005 2209 1193 2287 capitaneo,
1217 2218 1248 2269 et
1266 2228 1324 2289 per
1407 2234 1408 2238 ¹

113 2332 205 2393 paeni
218 2317 338 2388 capitas
353 2310 528 2390 loquenda.-
549 2316 618 2387 ipae
636 2330 739 2372 sermo
754 2314 838 2371 atine
855 2320 913 2374 est.
937 2309 1063 2384 Ononto
1078 2331 1152 2389 erqo
1167 2312 1324 2389 plenius

112 2421 218 2497 apitno
233 2418 294 2477 liae
314 2422 349 2477 in
371 2417 441 2478 Deo
449 2461 463 2497 ,
484 2419 577 2494 enine
596 2427 632 2478 tu
656 2435 780 2498 qnoque
806 2421 908 2493 unapo
933 2425 964 2477 et
978 2417 1150 2477 similitudo
1168 2419 1323 2496 censeris,

114 2523 383 2602 puodlateatin
403 2542 445 2582 ee
466 2525 588 2584 etiam
610 2522 782 2583 taeendo
804 2523 1019 2595 rationem,
1043 2523 1141 2582 etin
1161 2524 1324 2583 ratione

111 2627 363 2690 sermonem?
393 2632 528 2689 Poeenm
551 2631 658 2708 itaque
676 2644 740 2688 non
764 2633 880 2688 temere
902 2629 1164 2703 praestruxisse,
1194 2637 1225 2689 et
1249 2636 1324 2688 tnnc

113 2740 238 2795 Deum
259 2742 352 2794 ante
371 2735 685 2794 uniuersitatis
706 2735 1065 2795 constitutionem
1086 2722 1219 2795 solum
1246 2750 1324 2794 non

108 2839 270 2915 fuisse,
290 2836 505 2896 nabentem
526 2840 570 2897 in
589 2839 815 2915 semetipso
833 2842 1014 2915 proinde
1034 2842 1255 2910 rationem,
1285 2848 1324 2900 et

111 2943 335 3003 inratione
364 2959 614 3019 sermonem,
647 2961 761 3020 quem
792 2945 1016 3002 seeundum
1038 2942 1321 3020 oeefaeeret,

112 3047 312 3122 apitando
334 3048 443 3107 intra
465 3065 507 3106 ee
528 3045 565 3127 ¹).
589 3043 678 3122 Quae
697 3041 773 3106 licet
789 3040 855 3105 sint
881 3061 970 3106 mera
985 3043 1180 3108 Tertulliani
1200 3044 1321 3130 opinio,

113 3159 221 3212 tamen
239 3148 352 3236 negari
373 3171 436 3213 non
453 3159 573 3233 potest,
596 3149 696 3213 exiis
718 3151 898 3213 doctrinam
910 3149 985 3214 fidei
1005 3151 1189 3231 perlucere,
1204 3149 1319 3215 ninum

112 3253 175 3318 Dei
194 3254 268 3318 inde
289 3255 328 3318 ab
347 3266 480 3319 aeterno
496 3254 680 3328 exstitisse,
704 3254 800 3318 alium
818 3252 946 3339 quidem
962 3273 981 3316 a
999 3252 1109 3328 Patre,
1131 3275 1194 3317 non
1212 3267 1320 3320 tamen

114 3358 152 3422 ab
166 3378 207 3422 eo
222 3361 413 3444 sejunctum,
436 3381 494 3424 seu
509 3371 545 3423 ut
560 3359 694 3424 inferius
708 3357 765 3440 ait,
788 3364 915 3421 unius
936 3365 974 3420 et
993 3362 1206 3422 indivisae
1226 3363 1320 3423 eut-

112 3469 305 3527 etuntiae
325 3485 397 3530 eum
411 3465 511 3530 Patre
526 3463 565 3549 ²).
588 3465 680 3544 Quod
695 3468 826 3549 saepius
839 3461 960 3548 repetit
980 3470 1020 3539 ³).
1043 3461 1217 3528 Caeterum
1234 3464 1320 3528 'Per-

113 3556 260 3632 tullianns
275 3569 433 3653 duplicem
458 3568 614 3634 discernit
637 3569 837 3634 nativitatem
854 3588 913 3631 seu
938 3567 1203 3655 generationem,
1226 3569 1319 3634 aliam

115 3671 238 3738 scilieet
252 3672 410 3738 internam
427 3693 465 3738 ae
482 3685 668 3757 aeternam,
691 3696 752 3759 qua
768 3675 861 3738 Deus
880 3693 1007 3759 semper
1032 3673 1106 3737 inde
1129 3676 1169 3738 ab
1187 3686 1319 3740 aeterno

115 3774 143 3840 in
165 3797 202 3841 se
231 3777 329 3842 hahet
351 3772 467 3861 Λόγον,
490 3790 523 3843 et
547 3778 641 3844 aliam
658 3780 749 3866 quasi
771 3792 944 3845 externam·
962 3799 1000 3845 ee
1022 3781 1254 3864 temporalem,
1278 3802 1321 3847 ex

146 4027 168 4088 ¹)
186 4029 225 4079 n.
244 4044 269 4080 n.
288 4033 315 4079 5.
335 4041 363 4093 p.
381 4027 431 4077 tot
449 4042 472 4078 s.

143 4113 220 4180 ¹)m.
239 4133 262 4166 o.
283 4120 332 4168 13.
352 4131 379 4182 p.
396 4117 455 4167 ²118.

143 4197 167 4266 ³)
185 4207 223 4255 lt.
241 4221 268 4257 n.
287 4209 314 4256 3.
333 4219 362 4270 p.
380 4207 430 4256 2105
448 4221 475 4258 s.
493 4223 519 4257 n.
538 4209 565 4258 8.
586 4222 611 4272 p.
630 4209 681 4259 410
698 4222 722 4258 s.
740 4225 765 4260 n.
787 4212 816 4258 9.
841 4222 868 4272 p.
892 4208 954 4259 nto.
978 4207 1197 4272 n.19.p.lt25.
1225 4211 1319 4261 laeli·

115 4297 252 4346 viduum
277 4304 310 4346 et
335 4300 585 4356 inseparatum
608 4301 745 4351 Filium
772 4316 789 4348 a
813 4302 920 4349 Patre
949 4301 1159 4356 pronuntiantur.
1177 4315 1203 4348 n.
1223 4300 1271 4349 21.
1291 4310 1318 4363 p·

114 4382 160 4433 426
176 4398 220 4437 ss.
237 4388 309 4436 Nam
326 4388 351 4436 ei
368 4389 435 4437 loeo
454 4386 500 4446 (ab
519 4391 643 4446 Apostoto
661 4390 748 4448 dieta)
775 4405 828 4440 non
854 4389 934 4439 aliter
960 4389 1052 4447 neeipi
1067 4390 1141 4449 lieet,
1159 4401 1237 4450 ouum
1254 4402 1318 4449 ono·

113 4477 187 4525 nodo
210 4476 310 4533 seriptn
334 4482 409 4537 eunt,
437 4478 618 4528 indubitanter
651 4480 749 4528 atine
774 4481 936 4537 ostenditur,
963 4478 1023 4540 nui
1048 4479 1184 4536 fuerit,
1208 4475 1317 4536 atius,

113 4567 316 4625 apntnnem
332 4568 421 4621 fuit:
440 4567 552 4617 atium
570 4568 773 4618 Sermonem
791 4582 888 4628 esse,
915 4570 1026 4619 atium
1050 4570 1176 4630 Deem5
1201 4568 1267 4617 lieet
1291 4572 1319 4616 et

111 4655 349 4708 Deuaserna.
368 4671 395 4708 n.
413 4658 453 4708 22
471 4673 493 4706 e.
511 4668 538 4723 p.
557 4656 668 4712 iisse.
686 4673 712 4709 n.
732 4657 894 4727 25.p.t133
913 4670 938 4715 s,
964 4674 989 4713 n.
1017 4659 1068 4714 nt.
1096 4671 1123 4724 p.
1141 4658 1192 4710 436
1215 4671 1240 4710 s.
1259 4660 1314 4712 ete.
