2926 5168
120 216 183 291 ³66

121 385 325 460 exequuntur
349 375 399 460 1),·
421 374 536 439 deinde
559 394 684 461 quoque
707 339 804 495 0259
828 386 861 439 et
882 339 1048 476 ῃᾮὲἳᾯ,
1071 380 1144 439 aior
1163 388 1198 443 θῑ
1216 380 1329 471 ateste,

121 537 283 593 soeculum
305 539 338 593 et
359 530 502 601 saecula,
525 529 673 613 quoniam
699 529 835 593 mundus
862 529 893 592 in
917 539 1064 615 tempore
1079 551 1138 594 seu
1155 550 1230 596 cunr
1251 543 1330 598 tem·

22 704 25 719 Ι
121 655 201 719 pore
219 633 348 710 existit,
370 633 555 700 continente
569 634 660 719 quasi
682 656 742 719 pro
764 645 917 700 contento
937 635 1043 718 posito
1053 639 1117 723 ,pei
1163 638 1236 723 quia
1260 659 1332 723 per·

123 730 232 815 durat,
256 761 337 825 quae
357 740 521 825 posterior
536 739 624 805 notio
638 740 734 805 etiam
756 740 927 806 hebraicae
946 741 1018 804 voci
1033 725 1128 841 720,
1153 745 1194 808 de
1211 745 1332 809 mundo

44 1003 46 1008 ,
124 915 245 1002 pariter
260 915 434 990 adhibitae,
455 912 543 980 inest
564 904 602 996 ⁹).
623 893 947 981 isaiasmundum‘
972 875 1071 1019 ᾗῇ,
1093 941 1161 983 rem
1184 925 1333 996 inanem,

124 1112 248 1164 vonam,
271 1091 421 1174 adpellat,
445 1110 527 1176 qnae
544 1088 632 1153 notio
644 1091 760 1174 postea
778 1111 904 1178 quoque
918 1091 1078 1157 vocabulo
1095 1092 1225 1177 κόσμος,
1243 1115 1334 1159 mun·

126 1206 196 1272 dus,
219 1196 351 1282 propter
366 1217 475 1260 rerum
493 1194 654 1260 finitarum
674 1195 921 1263 inconstantiam
939 1208 1034 1284 atque
1050 1180 1274 1265 incitationem
1297 1201 1336 1264 ad

126 1301 241 1366 maium
263 1300 408 1386 subjecta
433 1312 484 1364 est
506 1301 542 1384 ³).
1120 1308 1122 1311 ’

207 1407 372 1470 Interdum
402 1406 575 1470 mundus
604 1406 635 1470 in
665 1408 699 1472 S.
717 1406 885 1494 Scriptura
901 1408 1006 1472 solum
1028 1409 1172 1475 orbem
1195 1421 1337 1474 terra·

126 1534 210 1577 rum
232 1511 269 1595 ⁴),
295 1509 459 1574 ueletiam
482 1531 617 1596 genus
640 1510 852 1576 humanum
876 1512 910 1597 ὅ).
927 1524 1050 1579 tantum
1070 1513 1200 1579 indicat.
1231 1543 1235 1548 ·

553 1721 556 1725 ·
581 1671 609 1774 ς’.
629 1684 666 1760 8.
690 1684 882 1764 Divisio

209 1845 282 1910 Non
303 1846 435 1910 daretur
457 1855 565 1908 autem
591 1846 737 1921 mundus,
758 1845 820 1911 nisi
841 1837 932 1910 Deus
951 1831 1336 1928 'cumcondirli'sset

129 1963 223 2038 atque
253 1950 378 2039 jugiter
412 1948 702 2015 conservaret
729 1971 773 2014 ac
810 1957 1085 2040 gubernaret,
1119 1950 1334 2036 seuprovis

126 2055 424 2122 dentissimam
446 2049 519 2140 ejus
542 2073 681 2118 curam
712 2066 889 2146 gereret.
926 2055 1134 2140 Quapropter
1157 2066 1333 2120 tractatum

129 2165 251 2241 huncce
268 2162 308 2225 de
326 2160 445 2225 mundo
464 2157 644 2245 generatim
667 2170 815 2242 spectato
841 2159 1014 2225 dividimus
1045 2155 1188 2225 induas
1219 2159 1332 2225 sectio

128 2266 207 2346 nes,
230 2287 362 2354 quarum
506 2266 509 2271 ’
658 2258 660 2261 ’

213 2380 241 2441 1.
263 2371 355 2460 agit
386 2371 434 2434 de
462 2369 685 2436 creatione
712 2372 870 2447 mundi,
908 2373 1045 2437 sentio
1077 2374 1169 2438 Deo
1199 2360 1327 2437 mundi

127 2473 366 2562 Creatore3

136 2604 137 2607 ’
211 2591 242 2652 2.
265 2585 312 2647 de
341 2583 484 2647 divina
515 2583 808 2667 providentia,
830 2583 851 2660 i,
880 2604 909 2651 e.
939 2585 987 2648 de
1010 2583 1145 2648 mundi
1169 2600 1320 2648 consor

130 2689 304 2756 vatione
328 2708 373 2753 ac
394 2685 790 2775 gubernation'e,seu
811 2688 860 2753 de
882 2690 976 2754 Deo
992 2688 1130 2752 mnndi
1153 2687 1317 2752 Conser-

131 2792 696 2858 vatoreacGubernatore.

166 3338 228 3415 De
252 3342 451 3416 creatione
472 3340 621 3429 mundi,
647 3363 717 3414 seo
753 3342 800 3415 de
824 3338 912 3416 Deo
935 3339 1068 3414 mundi
1093 3336 1281 3419 creatore.

476 3623 503 3705 ἕ.
526 3619 561 3692 io.
585 3620 845 3693 creationis
866 3620 1002 3692 notio.

216 3789 321 3856 Deum
341 3805 418 3855 esse
442 3792 561 3856 ¹mundi
589 3789 1033 3876 'creat0r0m‚tnduoitatun
1058 3801 1091 3855 et
1109 3785 1307 3880 gravissimu

134 3893 209 3960 fidei
231 3894 418 3962 Catholicae
435 3897 552 3985 dogma
573 3910 635 3966 est.
658 3898 822 3965 Greare
845 3909 951 3963 autern
974 3908 1045 3962 est
1077 3898 1173 3961 soto
1195 3895 1307 3960 voluu-

134 3999 242 4065 tatis
264 4013 360 4066 actu
382 4001 556 4087 aliquid,
573 4004 679 4089 quod
703 4015 830 4069 antea
850 4025 927 4068 non
948 4001 1137 4078 exstitit,
1155 4001 1306 4067 erficere

167 4412 192 4481 3)
214 4422 236 4471 1.
254 4363 336 4470 Joair.
354 4420 507 4479 uro-17.
526 4420 552 4479 5,
570 4418 648 4471 6-6.

78 4559 80 4564 ,
168 4504 193 4573 ⁴)
211 4508 301 4559 Maro.
322 4508 364 4569 16,
384 4509 426 4560 16.

170 4592 195 4656 ⁵)
214 4598 297 4652 Joan.
316 4599 343 4660 3,
364 4599 404 4650 16.
