2926 5168
122 348 199 418 tam,
219 336 388 415 praeclare
406 334 626 395 adusirsistrari
645 341 676 394 et
691 334 762 410 roqi
779 349 1000 410 corrueremus,
1021 331 1171 414 illosque,
1193 336 1250 416 qui
1267 354 1330 397 aaut

124 445 323 522 conspoaunt,
345 442 469 503 tametsi
487 438 640 518 diversos,
662 444 834 500 concordes
850 443 955 500 tamen
971 440 1054 499 ustor
1072 457 1110 499 se
1125 458 1214 519 esse,
1235 458 1331 524 acqua

125 552 238 612 divites
251 548 408 608 adsersus
419 562 588 627 pauperes,
604 562 707 626 neque
722 547 860 622 majores
873 549 984 605 eontra
1000 545 1150 626 minores,
1165 548 1331 624 satjau

125 676 178 718 res
197 659 307 717 contra
323 670 419 714 senes
435 668 600 730 paquara,
621 650 682 709 ssd
698 668 806 710 omnes
828 649 1003 729 aequaliter
1017 668 1130 728 pacm
1148 649 1333 715 admorsi

125 765 217 843 uasa,
238 763 388 842 inquam,
409 759 602 833 videremus,
622 760 718 834 plane
736 755 985 833 intstiiqeremus
1003 757 1160 835 praecipis
1173 775 1331 834 praessa·

126 873 202 930 tiam
219 867 315 943 iuius
330 863 515 925 concordiae
532 881 663 923 causam
679 880 761 932 csse,
784 862 908 921 etiamsi
922 880 992 922 eum
1008 864 1109 924 acuis
1122 879 1188 923 non
1204 866 1333 925 burra·

126 994 206 1036 mur.
228 971 402 1033 Euuuocro
429 967 482 1027 ubi
506 965 583 1028 ordo
600 984 665 1026 non
684 972 751 1036 est,
779 965 840 1025 sed
864 969 1010 1045 confusio
1020 1009 1033 1046 ,
1065 972 1256 1045 armento
1278 974 1335 1048 est,

128 1079 248 1142 nultum
265 1078 311 1137 ior·
327 1073 556 1135 moderatorem
572 1090 661 1150 esse‚·
684 1070 808 1133 acardo
827 1069 915 1132 draus
934 1077 967 1133 et
988 1073 1121 1134 rectoris
1136 1075 1269 1135 scidam
1289 1076 1335 1135 si·

126 1202 226 1263 quum
243 1187 300 1242 est.
323 1179 472 1240 Similiter
488 1196 559 1236 cum
575 1179 609 1236 in
622 1195 751 1255 corpore
765 1177 973 1238 membrorum
986 1178 1070 1237 inter
1084 1195 1121 1239 ss
1138 1177 1336 1239 concordia

129 1291 344 1365 observamus,
366 1303 427 1345 uec
445 1281 569 1343 oculum
588 1284 660 1341 auri
678 1281 855 1356 aduersari,
876 1301 936 1342 nec
949 1301 1078 1344 maruan
1094 1300 1166 1344 cuns
1177 1281 1263 1361 aeds
1279 1283 1336 1343 dic·

128 1396 245 1467 sidere,
264 1390 324 1452 sed
340 1391 471 1466 sinquta
486 1386 626 1447 mambra
640 1391 771 1464 propria
790 1386 899 1464 officia
919 1386 1039 1468 absque
1052 1386 1206 1449 aeditimo
1215 1387 1337 1467 perusi-

132 1519 220 1563 cars:
242 1497 315 1559 indo
341 1492 556 1556 concredimus
578 1493 758 1552 nuenario
777 1494 915 1553 ananam
939 1494 974 1552 in
998 1511 1129 1571 corpora
1151 1510 1238 1573 aaa,
1261 1512 1337 1575 quac

129 1606 188 1668 iiia
206 1606 312 1680 rcqat,
343 1599 487 1681 quamvis
505 1613 576 1657 earn
593 1613 658 1656 uon
683 1596 855 1658 rideamus.
882 1596 933 1658 Ita
953 1616 1028 1676 erqo
1051 1617 1102 1659 aa
1132 1603 1277 1661 ordina
1304 1604 1338 1661 st

130 1707 341 1772 harmonia
360 1702 658 1764 univcrsitatis
686 1700 815 1763 Deum
836 1703 977 1765 mundi
1007 1707 1338 1781 qubsrnatarsm

133 1816 362 1895 coqitemns
383 1825 560 1868 necesse
581 1811 649 1868 est
668 1803 704 1889 ¹).
729 1841 765 1853 —-
799 1803 939 1870 Brevius
969 1805 1215 1894 Gregorius
1244 1808 1337 1873 Nan.

133 1919 181 1984 sie
203 1916 258 1981 illa
276 1911 381 1977 omnia
407 1910 597 1994 complexus
620 1920 687 1974 est:
710 1917 837 1974 Etenim
857 1913 968 1993 quod
985 1911 1099 1974 Deus
1127 1917 1203 1995 sit,
1229 1912 1337 1999 inquit,

133 2047 179 2089 ao
199 2025 392 2102 princeps
410 2017 614 2099 quaedam
636 2037 772 2088 causo,
795 2037 897 2099 quae
914 2036 981 2078 res
1001 2038 1336 2097 omnssproarsa·
1362 2075 1365 2081 .

132 2135 206 2210 rit,
228 2133 352 2207 atquc
373 2128 599 2201 conseruet,
621 2128 697 2183 tum
717 2123 828 2183 ocuti
849 2125 945 2203 ipsi,
967 2130 1048 2184 tam
1069 2125 1141 2186 tea
1161 2132 1338 2188 natura·

133 2235 193 2298 iis
213 2233 354 2294 docet:
375 2230 441 2302 illi,
463 2229 537 2288 dum
566 2228 661 2289 rubus
688 2230 724 2289 in
750 2233 912 2309 aspectum
941 2229 1127 2290 cadentibus
1153 2233 1254 2292 aciem
1275 2235 1337 2313 ali·

133 2349 224 2420 qaut,
246 2356 365 2417 casque
386 2340 416 2395 st
439 2334 575 2413 pulchre
593 2336 683 2412 sicas
703 2339 733 2395 et
751 2333 884 2394 stabiles
910 2354 992 2412 esse,
1015 2345 1047 2397 st
1065 2337 1231 2418 proqredi,
1252 2343 1340 2420 atque

109 2449 281 2523 ·immatc,
302 2447 340 2502 ut
363 2443 409 2502 ita
436 2440 539 2500 dicam
556 2441 691 2511 usoocri,
719 2440 861 2517 coluique
882 2441 1098 2519 perspiciuut5
1124 2445 1206 2504 nasa
1232 2447 1340 2511 aaran

137 2554 211 2613 dum
230 2568 289 2627 per
306 2564 358 2607 res
378 2544 479 2607 oculis
496 2542 653 2620 subjectus
675 2563 714 2604 ac
731 2555 816 2607 recto
839 2545 948 2605 ordine
972 2545 1141 2609 collocatas
1150 2589 1164 2626 ,
1185 2552 1343 2609 auctorum

138 2675 249 2719 eor-um
280 2651 467 2728 conjectura
503 2649 639 2729 quadam
668 2649 785 2727 coliiqit
819 2657 913 2732 atque
942 2656 1133 2734 assequitur.
1167 2650 1344 2726 Quonam

140 2762 247 2824 enim
268 2762 380 2819 modo
401 2757 592 2816 universa
613 2755 706 2815 Isaeo
734 2775 869 2817 rerum
896 2757 1024 2817 moles
1054 2760 1122 2818 osi
1145 2764 1346 2836 producte

139 2880 319 2947 conquam
335 2864 508 2941 suisset,
529 2860 595 2920 aei
613 2863 896 2939 consisteret,
917 2863 1000 2922 nisi
1019 2861 1129 2923 Deus
1151 2866 1287 2925 omnia
1305 2866 1347 2925 iis

139 2967 1345 3048 rerumnuturampratuiissstatqusconcamarationes»-

142 3075 310 3141 udmudum
337 3075 421 3136 enim
451 3073 606 3152 quispiam
635 3075 788 3134 citiarum
812 3071 1027 3152 numism-ime
1047 3074 1223 3151 confectam
1237 3081 1269 3136 ct
1287 3074 1357 3136 sto-

141 3185 283 3245 iuratam
304 3180 515 3256 conspiciens,
538 3178 669 3256 ejusque
687 3178 931 3236 concinnitatem
951 3181 982 3236 et
1000 3177 1274 3248 consuescimus,
1296 3183 1350 3239 sut

142 3292 239 3352 etiam
257 3287 361 3365 ipsias
382 3282 523 3344 canorae
543 3286 672 3343 cantum
699 3281 850 3352 audiam,
877 3281 961 3342 ninii
989 3280 1098 3359 atiud,
1130 3298 1229 3361 quaro
1249 3283 1349 3361 torma

143 3395 286 3456 citharam
317 3389 508 3451 conditorem
539 3391 633 3467 atqua
653 3386 865 3447 citharaedum
894 3391 998 3446 mente
1025 3388 1165 3464 reputat,
1194 3390 1291 3466 atque
1311 3386 1353 3447 sd

143 3520 215 3563 eum
235 3498 424 3576 coqitationc
442 3494 576 3571 fertur,
606 3493 731 3552 aaaron·
752 3497 791 3552 de
808 3493 896 3570 facie
916 3492 1074 3569 iqnatum,
1101 3489 1208 3550 eodem
1231 3510 1351 3572 quoquc

144 3606 234 3668 ruodo
271 3603 429 3684 quires
462 3599 637 3677 effecit,
672 3598 1350 3676 effectusquemoretatquscon·

145 3714 301 3788 serant,
323 3707 577 3785 manifestus
599 3710 667 3776 est,
690 3707 814 3765 etiamsi
834 3709 936 3764 meato
955 3702 1083 3762 minima
1103 3701 1350 3779 conprensus·

146 3829 207 3881 tur.
229 3813 280 3878 Ac
297 3814 395 3874 nimis
408 3813 551 3890 profacto
569 3808 664 3870 debes
680 3815 712 3871 et
722 3809 855 3870 stolidam
870 3817 928 3880 est,
950 3807 1094 3889 quisquis
1107 3823 1174 3866 nou
1188 3804 1349 3889 lucarque

145 3925 256 4002 sporus
275 3917 487 3998 proqreditur,
503 3915 759 3996 naturaliumque
781 3914 1081 3975 demonstrationum
1105 3912 1251 3988 uestigiis
1269 3912 1347 3973 issi·

148 4030 202 4089 stit
221 4031 259 4101 ²).
282 4056 323 4070 —
346 4018 579 4108 Gregorius
608 4018 722 4101 Nyss.
751 4036 840 4091 oum,
874 4014 927 4101 qod
948 4014 1054 4078 Deum
1074 4032 1138 4077 nou
1160 4032 1237 4078 esse
1259 4012 1346 4087 dicut,

148 4130 255 4203 docet,
284 4146 333 4189 ea
354 4129 426 4202 iis,
449 4146 550 4209 quae
571 4126 813 4199 artificiose
838 4129 878 4184 et
904 4124 1123 4200 sapienter
1141 4123 1188 4183 in
1208 4120 1345 4185 mundo

150 4238 533 4311 administrantur,
566 4231 729 4292 inductum
758 4232 819 4302 iri,
849 4234 886 4290 ut
909 4247 969 4306 per
1000 4247 1041 4288 ea
1064 4229 1232 4308 fateatur,
1264 4242 1344 4291 asro

153 4420 398 4436 Μ

184 4494 515 4565 Ἲωωῶμπι

184 4586 211 4655 ²)
229 4590 274 4642 tir.
292 4587 340 4641 84.
360 4583 429 4650 Opq.
448 4582 479 4633 Τ.
502 4583 525 4636 1.
546 4594 569 4633 o.
588 4580 648 4632 476.
667 4577 697 4632 (t.
716 4579 752 4631 D.

24 4744 138 4852 Μ
195 4808 201 4817 .
