2926 5168
196 144 262 279 ,Μ

198 375 260 428 res,
283 366 315 416 ut
332 367 434 418 monet
449 358 530 434 Eph
541 376 691 415 raemus
709 359 802 431 Syr„
824 359 991 436 qutumaitz
1017 357 1108 430 Quod
1120 360 1152 418 εἰ
1167 359 1206 420 ab
1221 362 1409 423 senercurte

199 464 234 521 io
253 482 291 522 re
313 461 424 542 abque
445 461 576 523 candele
596 463 797 541 supplantari
817 463 919 527 nolis:
940 469 1055 541 crede,
1076 463 1161 527 atttt
1176 471 1207 527 te
1227 484 1341 543 agere,
1363 465 1409 531 oet

197 568 346 643 crepitare,
367 572 453 647 poert
473 565 572 629 huot
591 573 694 631 Deum
715 569 759 645 ¹).
776 602 812 614 -
833 573 913 627 Nam
934 570 1085 630 conanae
1105 567 1168 630 Dei
1187 571 1407 657 recordatione

198 680 227 735 ut
250 672 323 731 alibi
345 667 476 749 scribit,
497 677 608 750 turpes
629 675 755 734 mimae
772 675 944 749 passiones
964 673 1133 746 recedunt,
1154 676 1262 736 antas·
1282 673 1406 758 malefi-

196 796 315 849 corum,
333 786 484 853 praetore
505 777 674 838 accedente
696 780 733 856 ²).

280 882 309 940 b.
331 883 499 942 caveamus
514 883 551 941 ab
562 881 735 960 hypocrysi,
749 904 825 962 quae
841 886 986 944 malitiam
1003 887 1104 945 cordis
1120 888 1271 947 occultam
1281 896 1406 947 externa

197 987 366 1047 honestatis
387 989 489 1063 specie
511 989 651 1069 obvelel3
672 991 756 1049 Deus
780 991 858 1049 enim
872 992 1036 1051 omniscius
1052 992 1282 1053 occultissimas
1305 991 1404 1051 cordis

198 1110 338 1153 recessus
362 1093 505 1155 intuetur.

281 1216 307 1257 c.
329 1197 426 1256 Porro
449 1199 565 1275 quando
588 1199 746 1257 calumniis
768 1200 958 1277 impetimur,
988 1209 1039 1259 aut
1061 1199 1174 1274 injuste
1196 1203 1403 1278 opprimimur,

197 1312 248 1360 aut
271 1304 361 1361 etiam
383 1304 647 1364 sollicitationibus
669 1305 705 1364 at
728 1307 839 1364 malum
861 1307 1089 1382 perturbamur:
1121 1308 1319 1367 consolemur
1342 1327 1402 1377 nos,

196 1411 262 1467 lleo
284 1419 386 1469 uotam
409 1425 478 1468 esse
509 1410 720 1469 rectitudinem
743 1409 845 1470 cordis
872 1412 992 1482 nostri,
1014 1420 1184 1488 notamque¹
1205 1413 1321 1472 luctam
1356 1432 1402 1473 no·

197 1520 292 1571 stram
315 1515 353 1582 ei,
376 1516 432 1593 qui
453 1532 517 1573 non
534 1519 674 1591 patietur
694 1532 753 1573 noe
774 1516 890 1576 tentari
910 1533 1013 1593 supra
1033 1515 1069 1575 tol
1078 1557 1091 1593 ,
1116 1515 1202 1596 prend
1217 1534 1401 1596 possumus,

196 1616 254 1674 sed
268 1618 373 1695 faciet
391 1620 485 1679 etiam
508 1635 580 1681 eum
600 1621 771 1681 tentatione
788 1624 986 1695 proveetum,
1008 1629 1043 1680 ut
1061 1622 1226 1694 possimus
1246 1623 1402 1683 sustinere

196 1723 235 1796 ³),
257 1732 379 1782 nostros
401 1725 533 1800 gemitus
555 1744 590 1784 ac
613 1733 737 1785 nostras
759 1743 868 1801 preces
890 1724 1048 1794 exaudiet,
1080 1735 1170 1802 atque
1200 1736 1341 1787 nostram
1362 1729 1401 1788 in·

197 1827 394 1905 tegritatem,
417 1830 445 1887 si
468 1847 527 1893 non
550 1831 581 1887 in
602 1829 681 1900 hoc,
704 1839 788 1889 certe
809 1831 839 1887 in
862 1830 963 1888 futuro
986 1832 1121 1900 saeculo,
1144 1839 1328 1892 ostensurus
1350 1842 1402 1893 est.

474 1993 501 2077 t.
526 1991 589 2060 17.
612 1990 648 2060 6.
672 1991 709 2060 b.
732 1986 1127 2079 §apsentisstmus

270 2144 383 2208 'Deum
405 2143 681 2228 sapientissimum
703 2166 798 2222 esse,
828 2159 896 2212 tarn
925 2167 1040 2232 purum
1067 2147 1251 2214 addubitsri
1284 2161 1421 2234 potest,

195 2269 288 2334 quam
311 2269 384 2312 euru
407 2268 482 2312 esse
504 2248 705 2315 omniscium.
727 2250 830 2315 Prout
845 2262 953 2315 autem
974 2250 1253 2317 omniscientem
1270 2253 1347 2319 Deo
1361 2253 1415 2319 in·

175 2354 346 2428 *tellectui
368 2352 551 2419 iterationi
581 2353 613 2418 in
644 2354 773 2419 homine
799 2354 959 2439 sapientie
979 2354 1043 2419 Dei
1064 2354 1189 2421 inlinita
1207 2358 1407 2442 respondet.

193 2457 341 2524 Rationis
362 2478 443 2523 vero
465 2471 528 2534 est,
550 2479 663 2523 verum
679 2460 935 2543 apprehendere,
959 2457 1153 2526 efficientiae
1167 2472 1304 2528 nocuae
1320 2462 1413 2529 fines

194 2565 350 2628 honestos
372 2564 568 2652 praefigere,
592 2564 736 2649 bonaque
760 2585 798 2630 ec
820 2577 895 2650 epta
916 2565 1023 2630 medie
1044 2564 1085 2627 ad
1106 2563 1180 2628 illos
1202 2586 1408 2654 consequeu-

194 2671 253 2734 dos
275 2670 430 2743 indicare,
452 2689 513 2732 nee
536 2690 610 2742 uon,
633 2669 706 2755 quid
729 2672 833 2755 quoad
854 2670 992 2736 formam
1010 2680 1178 2737 externum
1206 2673 1310 2737 rebus
1331 2695 1406 2740 con·

90 2812 92 2823 ι
194 2796 310 2861 gruum
332 2795 370 2839 ec
391 2773 589 2839 conveniens
611 2773 672 2848 sit,
695 2773 838 2841 delinire.
860 2775 956 2841 Ratio
977 2775 1085 2860 itaque
1107 2796 1167 2840 seu
1188 2777 1403 2863 sapientia

83 4772 182 4878 ἱ

192 2880 225 2944 in
246 2879 476 2968 cognoscendo
500 2899 557 2954 eo,
579 2879 663 2964 quod
684 2879 783 2945 robus
801 2880 909 2964 'quoad
931 2878 1137 2946 existentiam
1159 2893 1398 2957 seruatorem,

193 2984 337 3068 speciem
359 3004 419 3047 seu
440 2983 586 3059 formem,
608 2993 703 3068 atque
726 2982 916 3070 dignitatem
931 2984 1089 3050 moralem
1110 2985 1284 3053 conveniat
1299 2987 1399 3054 cerni·

192 3100 253 3152 tur.
282 3087 473 3173 Diciturque
504 3086 663 3174 supientia
698 3090 780 3152 haec
807 3089 965 3172 sapientie
991 3089 1250 3159 theoretica.
1288 3093 1401 3178 Aque

194 3192 303 3259 differt
318 3192 476 3278 sapientia
492 3192 659 3277 practic
670 3214 700 3272 a,
715 3213 796 3278 quae
813 3195 853 3257 ad
873 3194 1071 3259 voluntatem
1086 3194 1239 3270 refertur,
1252 3207 1351 3282 atque
1371 3196 1402 3265 in

193 3299 351 3371 electione
371 3301 531 3364 bonorum
552 3298 673 3373 linium,
697 3310 730 3362 et
746 3300 903 3385 honorum
928 3311 1137 3387 scepturum
1160 3300 1342 3369 mediorum
1365 3302 1403 3369 ed

191 3406 264 3471 illos
294 3407 561 3491 consequendos,
592 3424 652 3470 seu
680 3403 811 3487 paucis,
843 3403 876 3475 in
909 3404 1104 3492 congruenti
1136 3424 1209 3471 cum
1241 3404 1403 3492 sapientis

193 3512 371 3577 theoretica
393 3511 511 3599 agendi
532 3509 660 3575 ratione
683 3509 851 3585 consistit,
873 3522 908 3574 et
929 3531 949 3574 a
969 3509 1139 3594 prudentia
1170 3529 1210 3574 eo
1231 3509 1405 3600 distingui·

192 3627 252 3692 tor,
274 3618 359 3702 quod
381 3617 461 3681 haec
477 3627 552 3700 apta
569 3615 673 3679 media
689 3617 729 3679 ed
750 3615 843 3691 lines,
867 3616 937 3679 sive
960 3615 1064 3680 bonos
1086 3614 1156 3680 sive
1178 3616 1292 3699 malos,
1316 3616 1404 3683 edhi-

191 3724 277 3791 beat.
299 3724 335 3787 lu
359 3722 420 3789 SS.
449 3721 583 3787 Litteris
615 3723 654 3786 de
686 3721 846 3805 supientia
877 3723 938 3786 hec
966 3733 1103 3806 utroque
1132 3706 1232 3785 sensu
1265 3734 1406 3808 accepta

191 3846 285 3910 quam
306 3825 498 3911 saepissime
521 3847 630 3893 sermo
653 3826 796 3891 occurrit
817 3832 856 3906 4).
878 3827 949 3890 Nos
972 3825 1023 3890 hic
1045 3825 1125 3903 loci,
1155 3847 1252 3912 quum
1275 3827 1407 3914 sapien·

190 3931 234 3995 tia
255 3931 398 4022 practice
420 3952 439 3998 e
459 3931 579 3998 virtute
601 3951 640 3997 ac
661 3931 832 3996 sanctitate
854 3930 938 3996 haud
960 3929 1101 4005 differat,
1126 3929 1254 3997 nonnisi
1277 3920 1409 4019 sapien·

1346 4176 1352 4187 ¹
1384 4164 1420 4201 ·.r't

224 4238 247 4303 ¹)
266 4243 308 4290 De
326 4240 371 4288 cit.
389 4240 451 4296 coir.
471 4254 497 4290 a.
512 4240 560 4288 34.
579 4235 651 4300 Opp.
669 4235 751 4287 Rom.
771 4234 849 4285 173².
869 4233 901 4283 Τ.
923 4235 946 4284 l.
964 4245 992 4297 p.
1012 4232 1070 4284 266.
1088 4231 1136 4282 R·
1272 4269 1275 4275 .
1327 4246 1391 4285 rues

223 4325 248 4389 ²)
268 4325 387 4379 nevtrt.
406 4344 429 4378 c·
451 4331 502 4380 10.
521 4325 554 4377 Τ.
574 4328 599 4376 1.
619 4338 644 4389 p.
664 4325 724 4374 228.
1265 4359 1269 4367 .
1332 4314 1389 4365 ῖ-’ῑ

223 4408 247 4480 ³)
267 4419 293 4469 ι.
312 4416 376 4467 cor.
398 4419 439 4478 ro,
460 4417 502 4467 te.

222 4503 248 4572 t)
267 4505 311 4558 ci.
328 4506 417 4558 Exod.
434 4507 477 4564 2⁸,
495 4507 521 4555 3.
538 4505 589 4556 Ps.
607 4504 650 4569 36,
667 4506 711 4555 30.
730 4503 773 4563 ns,
791 4503 815 4554 l.
833 4505 876 4562 to,
894 4505 921 4555 e.
938 4503 982 4562 89,
1002 4502 1042 4552 12.
1061 4502 1121 4562 tou,
1139 4499 1181 4551 113.
1201 4500 1262 4560 tto,
1279 4503 1311 4557 ὃ.
1328 4505 1414 4561 11:001,

191 4605 217 4660 t,
238 4599 279 4648 to.
298 4597 365 4662 Sap.
383 4599 508 4658 mss.
527 4596 612 4646 ltom.
632 4597 657 4654 1,
675 4596 719 4645 at.
737 4594 781 4647 22.
803 4596 827 4647 1.
846 4591 914 4645 Cor.
932 4595 956 4656 1,
977 4594 1009 4642 te
1025 4605 1069 4643 ss.
1087 4593 1113 4655 3,
1134 4591 1177 4643 to.
1196 4592 1239 4642 te.
1260 4597 1321 4649 etc.
