2926 5168
1296 228 1360 297 367

146 378 324 447 creatio
363 379 470 467 itaque
507 379 586 446 erit
624 401 670 445 ea
702 381 845 447 libera
882 380 1129 446 voluntatis
1176 379 1356 445 divinae

145 486 264 551 actio
286 487 334 551 ad
367 498 512 563 extra,
540 505 617 573 quta
646 486 740 550 aolo
769 497 880 560 nutu,
910 487 980 551 sine
998 485 1219 551 instrumentis
1233 504 1270 549 ac
1292 484 1356 548 ullo

144 590 334 667 conamine,
357 612 427 656 res
449 611 502 656 ex
524 591 678 664 nihilo,
701 591 720 656 i.
743 611 771 655 c.
795 612 879 676 quoe
909 604 1004 659 antea
1032 612 1168 676 prorsus
1198 612 1279 663 non,
1301 609 1355 653 ne·

143 718 206 779 que
229 697 333 783 quoad
363 697 500 762 lormam
532 717 635 782 neque
657 698 760 782 qnoarl
784 696 962 773 materiam,
981 695 1189 772 exstiterunt,
1211 696 1355 783 produ·

142 814 309 868 cuntur.
331 802 388 867 Sic
419 802 542 868 creatio
579 802 705 866 abunde
739 801 987 892 distinguitnra
1014 802 1245 878 fabricatione,
1274 821 1354 888 qnae

142 920 178 973 et
193 908 361 973 materiam
379 919 412 972 et
428 907 642 973 instrumenta
661 921 693 972 et
710 909 854 973 laborem
872 909 986 998 exigit.
1005 909 1050 973 Et
1068 910 1149 973 baec
1166 907 1292 995 wdem
1304 919 1353 972 est

141 1013 267 1079 creatio
281 1034 382 1079 sensu
400 1012 619 1088 strictissimo,
636 1033 675 1078 ac
690 1033 785 1099 quam
801 1014 940 1080 maxime
949 1014 1079 1099 proprio
1095 1024 1240 1097 accepta.
1269 1011 1352 1076 Nam

140 1139 223 1186 vera
245 1140 284 1186 ac
305 1119 438 1204 proprie
466 1139 591 1205 quoqne
618 1129 670 1182 est
701 1119 843 1199 creatio,
875 1120 999 1205 quando
1020 1119 1113 1183 Deus
1148 1138 1191 1182 ex
1216 1117 1351 1180 materia

138 1224 368 1310 praejacente,
392 1242 601 1309 quaecunque
621 1223 704 1300 vult,
728 1236 890 1309 operatum.
920 1225 1029 1288 Sensu
1053 1223 1160 1288 latiori
1184 1233 1291 1287 antem
1314 1242 1351 1286 ar

137 1329 317 1417 improprio
333 1327 456 1394 creatio
476 1333 632 1403 sumitur,
655 1329 780 1415 qnando
799 1329 937 1394 subinde
960 1330 1000 1394 de
1027 1349 1213 1415 quacunque
1237 1328 1286 1393 rei
1308 1327 1350 1392 la·

138 1434 319 1500 bricatione
342 1432 512 1499 adhibetur
536 1433 570 1519 ¹).

223 1541 338 1604 Solent
366 1539 450 1605 inter
478 1537 739 1604 creationem
771 1540 946 1625 primam
982 1551 1015 1606 et
1045 1543 1279 1607 secundant
1304 1541 1348 1603 di·

137 1646 326 1734 stinguere,
357 1642 506 1731 quamvis
530 1643 651 1708 diversi
677 1646 771 1709 modo
802 1645 944 1712 diverso,
966 1646 1030 1710 Alii
1050 1646 1135 1711 enim
1153 1645 1212 1710 snb
1233 1664 1347 1709 crea·

136 1752 226 1816 tion
239 1771 268 1830 ep
280 1749 410 1835 prima
432 1748 613 1836 intelligunt
630 1751 892 1834 procreationem
909 1752 1064 1817 materiae
1084 1749 1234 1816 inhabilis
1251 1769 1289 1814 ac
1304 1748 1347 1813 in·

137 1857 306 1946 digestae3
328 1856 389 1920 snb
412 1854 596 1920 secunda
617 1874 660 1918 ex
688 1856 788 1920 hacce
817 1876 926 1920 rerum
952 1876 1182 1942 corporearum
1208 1853 1347 1918 omnium

120 1960 381 2034 lormationem,
413 1960 529 2046 quibus
558 1969 685 2024 constat
707 1960 842 2024 mundus
868 1962 1075 2043 aspectabilis
1105 1971 1143 2038 ²).
1176 1960 1240 2024 Alii
1270 1957 1346 2044 pri-

134 2089 235 2132 mam
266 2064 530 2131 creationem
560 2085 630 2129 earn
662 2086 737 2130 esse
763 2064 890 2139 dicunt,
912 2085 973 2150 qua
1001 2065 1117 2130 lactum
1143 2079 1212 2141 est,
1235 2076 1270 2130 ut
1290 2084 1345 2127 res

133 2194 267 2248 omnes,
290 2171 492 2237 substantiae
509 2190 582 2234 cum
601 2170 727 2235 viribus
745 2169 824 2246 suis,
838 2191 914 2234 esse
929 2169 1125 2256 inciperent,
1148 2183 1183 2237 et
1204 2191 1345 2237 secun·

132 2281 244 2354 dam,
268 2298 326 2343 aen
343 2275 580 2350 continuatam,
604 2274 792 2351 mediatam,
824 2296 906 2362 quae
936 2297 995 2361 per
1020 2296 1139 2341 causas
1160 2275 1343 2349 secundas,

132 2385 152 2450 i.
176 2407 204 2450 e.
226 2384 316 2448 vires
338 2403 377 2447 ac
398 2382 491 2468 leges
514 2392 663 2458 naturae,
687 2394 845 2468 perpetuo
860 2401 959 2446 cursu
978 2379 1192 2458 continuatur,
1215 2400 1339 2467 quaque

132 2489 291 2564 efficitur,
313 2499 349 2552 ut
375 2507 432 2551 rea
461 2485 542 2551 aliae
564 2497 722 2574 perpetuo
746 2498 913 2562 maneant,
936 2484 1016 2549 aliae
1031 2506 1112 2551 vero
1128 2505 1229 2550 novae
1246 2484 1277 2548 in
1297 2485 1341 2549 lo-

133 2617 204 2661 cum
242 2593 386 2680 priorum
415 2591 642 2656 intereuntinm
666 2592 844 2657 succedant
872 2593 908 2673 ⁸).
929 2591 1010 2656 Aliis
1032 2597 1149 2656 iterum
1172 2588 1344 2655 creatio

131 2702 265 2786 prima
286 2698 339 2763 illa
352 2707 414 2772 est,
438 2717 500 2782 qua
515 2697 652 2762 mnnrlns
672 2699 853 2762 antemnlta
869 2716 1025 2762 annornm
1042 2696 1139 2762 millia
1152 2695 1195 2760 sit
1219 2696 1326 2760 iactus

132 2817 164 2870 et
186 2804 387 2878 secunda,
410 2820 471 2888 qua
493 2799 590 2864 luerit
610 2801 807 2867 reformatus
823 2821 882 2865 sen
897 2801 1077 2866 restitutus.

213 2910 342 2995 Dogma
367 2903 591 2981 Catlrolicum,
614 2905 720 2970 Deum
745 2906 854 2970 mnndi
883 2926 959 2971 esse
988 2905 1201 2980 Creatorem,
1230 2903 1338 2989 itaque

131 3014 223 3088 dicit,
244 3013 354 3078 Deum
368 3022 403 3076 et
421 3031 484 3076 non
500 3009 585 3074 aliud
605 3030 663 3074 ens
680 3010 818 3097 aliquod,
841 3012 1001 3085 mundum,
1023 3010 1043 3074 i.
1066 3030 1094 3074 e.
1118 3009 1225 3074 omnia
1241 3009 1339 3073 omni·

132 3141 170 3183 no
193 3117 279 3183 entia
300 3116 407 3193 linita,
430 3136 473 3180 ex
490 3114 606 3189 nibilo,
629 3136 778 3181 seucum
793 3126 888 3181 antea
908 3136 1045 3201 prorsus
1060 3136 1124 3178 non
1140 3126 1262 3190 essent,
1284 3136 1337 3179 ne·

131 3246 188 3311 que
212 3223 315 3310 quoad
337 3223 474 3287 sormam
497 3241 601 3308 neque
624 3220 728 3306 quoad
752 3218 940 3297 materiam,
963 3221 1033 3285 solo
1066 3219 1336 3304 omnipotentiae

130 3327 291 3394 liberrimo
308 3326 567 3395 voluntatissuae
580 3335 653 3390 actu
670 3324 713 3400 in,
723 3326 775 3390 vel
785 3324 894 3412 potius
911 3345 984 3392 cum
996 3337 1144 3411 tempore
1161 3324 1335 3390 excitasse.

383 3495 411 3578 t.
434 3493 470 3566 5.
493 3494 695 3564 Mundus
716 3508 746 3563 a
766 3495 870 3563 lico-
888 3496 1085 3566 creatus.

207 3668 294 3730 Licet
313 3669 431 3729 veritas
448 3667 484 3728 de
502 3669 656 3730 creatione
670 3665 772 3728 mundi
789 3687 827 3728 ex
846 3666 950 3738 nihilo,
973 3667 1129 3745 incognita
1146 3665 1333 3734 Gentilibus,

126 3787 161 3833 ex
177 3775 365 3834 revelatione
381 3774 481 3833 divina
499 3774 684 3837 christianis
699 3777 787 3851 plena
803 3775 869 3835 luce
886 3775 1038 3834 illuxerit:
1060 3772 1255 3832 nihilominus
1273 3790 1331 3831 non

123 3880 208 3955 pauci
223 3881 330 3956 primis
353 3880 457 3940 statim
472 3899 489 3937 a
504 3879 631 3940 Christo
648 3891 719 3941 nato
737 3881 925 3958 temporibus
944 3880 1112 3941 Gentilium
1129 3875 1272 3935 tenebras
1289 3875 1332 3934 di·

122 3987 209 4063 rinae
232 3987 431 4046 revelationis
454 3987 619 4046 luminibus
647 3988 805 4065 praeferre
832 3988 980 4047 amabant.
1002 3984 1128 4062 Triplex
1159 3990 1207 4042 est
1233 3990 1331 4041 autem

120 4110 230 4160 error,
253 4092 303 4168 qui
321 4091 478 4151 doctrinae
496 4092 672 4152 Catholicae
686 4093 855 4170 opponitur.
876 4095 916 4150 Et
934 4091 1053 4169 quidem
1066 4090 1164 4167 primo
1181 4107 1330 4149 commen·

119 4205 183 4256 turn
204 4196 391 4273 Epicuri,
413 4214 470 4273 quo
490 4199 654 4269 statuitur,
678 4197 818 4256 mundum
845 4205 1014 4258 atomorum
1050 4196 1174 4256 fortuita
1205 4195 1330 4274 quadam

118 4376 400 4399 ἡ*

150 4440 175 4503 ¹)
194 4437 283 4491 Eccii.
302 4441 347 4505 tt,
368 4441 410 4493 tn.

147 4522 174 4592 ¹)
194 4527 238 4581 (ii.
257 4528 325 4594 Sap.
344 4529 386 4589 tt,
404 4530 445 4580 te.

146 4609 174 4685 ³)
194 4617 237 4670 ct.
256 4617 331 4672 lien.
352 4618 377 4680 t,
397 4619 439 4672 n.
457 4618 501 4674 22.
518 4617 562 4674 28.
579 4615 644 4670 iob.
663 4620 704 4681 to,
723 4619 820 4675 a—tt.
836 4618 889 4672 Ps.
909 4619 968 4681 139,
979 4621 1157 4676 tit-lentot.
1168 4624 1208 4690 tr,
1217 4622 1329 4690 ‘tt-28.¹
