2926 5168
1281 215 1344 285 168

127 371 400 445 praesentio,
421 367 688 443 sloefuturo
708 368 987 447 considerat,
1008 370 1158 430 oculos
1180 390 1201 431 o
1219 378 1343 446 proo-

130 474 287 531 tcrc’tts
324 477 514 550 aocrtot;
552 470 631 531 scd
664 488 746 530 ono
785 472 1026 545 denotarat,
1064 493 1115 532 oo
1144 477 1346 552 otmpttot

127 578 540 655 praesentissimae
566 576 815 649 Maiestatis
847 579 1040 654 intuitu)
1062 578 1191 639 simol
1209 583 1345 640 omnio

131 681 457 760 comprehcndit
476 684 513 757 ¹).
535 715 577 725 —
597 678 642 742 Et
655 697 791 752 revera,
821 698 917 764 quum
948 679 1055 744 divina
1081 679 1260 744 substantia
1282 700 1342 764 pro

132 802 191 846 suo
216 782 410 846 aeternitate
436 794 503 846 tota
532 784 626 846 simul
652 782 710 859 sit,
733 795 767 847 ot
782 804 858 848 esse
878 782 1010 860 debeat,
1032 803 1137 869 neque
1154 804 1214 868 per
1230 796 1342 868 partes

131 887 260 970 priores
279 898 312 952 et
331 893 535 972 posteriores
552 887 764 952 diffundatur:
789 888 885 952 stiam
900 888 994 962 illud,
1017 889 1101 974 quod
1115 889 1148 952 in
1163 909 1211 962 ca,
1235 901 1268 952 et
1283 908 1343 972 per

131 1011 203 1055 com
224 992 452 1079 cognoscitur,
476 992 546 1057 sine
563 994 626 1057 ulla
643 993 853 1058 successione
870 994 1015 1078 copistur
1032 1013 1172 1059 necesse
1184 1004 1246 1060 est.
1265 994 1342 1058 Ets-

130 1094 196 1158 nim
219 1095 362 1181 cognitio
377 1094 488 1159 itidem
503 1116 540 1160 se
561 1096 679 1171 habet,
701 1109 736 1162 ut
763 1108 878 1162 natura
904 1096 977 1180 ipsa
1000 1099 1053 1162 vel
1077 1098 1259 1162 substantio
1286 1117 1342 1162 cos

132 1199 336 1286 gnoscentis.
358 1200 408 1265 Εα
429 1200 632 1266 cinctionem
651 1200 747 1266 hobet
764 1200 988 1287 multiplicem,
1011 1222 1147 1287 eamque
1160 1214 1252 1266 certo
1272 1222 1343 1287 spa·

128 1309 176 1367 tio
198 1303 394 1381 dimensam,
417 1317 450 1370 et
469 1326 487 1369 α
509 1326 546 1370 se
566 1305 767 1380 distinctam,
790 1305 940 1393 cognitas
954 1329 1007 1371 res
1024 1306 1084 1370 sub
1102 1306 1173 1382 ills,
1197 1327 1341 1392 quocon-

126 1408 292 1484 tinentur,
313 1407 493 1474 differentis
508 1409 666 1494 temporis
683 1409 842 1499 intelligit.
865 1411 925 1475 Sin
939 1411 1107 1477 divisionis
1125 1432 1164 1476 ac
1181 1410 1338 1496 composi·

124 1512 229 1576 tionis
247 1525 299 1578 est
317 1535 455 1597 expers,
478 1526 572 1600 atque
587 1514 776 1598 inperfecta
794 1526 827 1579 et
841 1515 1004 1580 individua
1019 1517 1156 1581 monade
1175 1515 1340 1595 consistit,

122 1628 299 1703 totumque
316 1618 394 1683 illud
408 1631 475 1693 est,
499 1621 583 1705 quod
599 1619 697 1684 habet
709 1621 742 1684 in
758 1640 814 1696 se,
843 1621 1023 1705 cujusmodi
1049 1621 1155 1686 Deum
1190 1639 1266 1683 esse
1289 1619 1343 1682 de·

120 1722 400 1788 monstravimus:
430 1723 508 1788 nihil
530 1725 569 1789 ab
592 1745 650 1798 θα,
673 1724 735 1789 nisi
763 1745 824 1810 qua
846 1745 1005 1810 praesens
1029 1737 1099 1802 est,
1129 1735 1225 1808 atque
1259 1721 1344 1787 omui

120 1838 224 1892 caret
242 1825 446 1903 differentia,
469 1828 656 1913 percipitur.

214 1933 371 1996 trono
401 1932 490 1997 novit
517 1934 609 1998 Deus
641 1935 767 2008 omnio,
798 1953 1005 2020 quaecunque
1035 1933 1124 1999 dori
1145 1943 1212 1998 aut
1234 1931 1344 2015 lieri

119 2047 329 2122 possunt,
351 2035 428 2101 licet
445 2058 604 2123 nunquam
624 2037 690 2102 sint
708 2038 832 2113 futuro,
856 2060 916 2103 seu
930 2038 1021 2104 novit
1036 2058 1149 2103 omues
1171 2047 1340 2102 creaturos

121 2139 316 2225 possibiles.
340 2140 376 2205 ld

167 2269 200 2309 α.
223 2246 462 2330 Apostolus
485 2247 607 2312 diserte
638 2249 750 2324 docet,
780 2248 833 2312 ubi
864 2248 926 2313 ait:
962 2249 1026 2325 Qut
1048 2250 1181 2331 (Deus)
1209 2251 1345 2329 ototflcot

125 2358 292 2425 mortuos,
321 2360 353 2414 ct
390 2361 512 2416 oooot
540 2376 600 2428 eo,
632 2374 739 2436 potae
766 2374 843 2417 non
872 2361 995 2435 sont,
1031 2363 1234 2435 tamquam
1271 2373 1340 2431 oa,

127 2477 236 2539 qnae
256 2465 371 2533 sont,
394 2456 416 2520 i.
440 2476 468 2523 c.
491 2477 547 2534 θα,
571 2477 652 2543 quoe
673 2479 737 2521 non
765 2468 858 2532 sunt,
882 2468 915 2521 et
934 2456 967 2520 in
989 2443 1076 2522 stitu
1102 2477 1213 2522 merae
1240 2456 1344 2541 possi·

128 2560 262 2624 lilitatis
280 2573 468 2637 versantur,
490 2561 613 2646 pariter
631 2583 670 2628 ac
686 2583 744 2639 θα,
773 2582 854 2648 quae
881 2562 1014 2638 adsunt,
1047 2562 1128 2628 oriri
1151 2562 1267 2648 jubere
1288 2582 1343 2646 po·

131 2676 211 2741 test,
244 2677 277 2731 et
297 2666 371 2731 ideo
396 2678 576 2753 cognoscat
594 2688 720 2753 quoque
735 2687 875 2731 necesse
894 2677 946 2731 est
967 2670 1003 2749 ²).

169 2773 201 2853 β.
224 2771 315 2834 Idem
337 2782 444 2835 autem
460 2792 588 2857 quoque
603 2771 791 2836 necessario
808 2772 1004 2855 ipsaratio
1027 2773 1148 2840 statuit.
1170 2772 1256 2836 Nam
1271 2791 1342 2836 cum

130 2874 223 2939 Deus
237 2877 414 2941 secundum
432 2876 705 2961 sapientissimam
722 2898 813 2941 suam
827 2876 1048 2964 cognitionem
1062 2877 1212 2941 mundum
1240 2874 1343 2940 fabri·

130 2981 270 3053 caverit3
292 2993 389 3066 atque
409 3002 504 3066 quum
526 2981 619 3066 proin
636 2982 804 3047 scientiam
833 2981 1013 3067 perfectam
1035 2981 1175 3046 omnium
1205 2981 1343 3065 partium

132 3104 170 3147 ac
186 3085 418 3167 elementorum¹
438 3086 532 3150 istius
546 3086 690 3151 universi
709 3086 772 3150 sihi
788 3087 819 3150 in
834 3085 1000 3151 creatione
1026 3087 1288 3173 praelucentem,
1312 3094 1343 3148 ot

131 3188 206 3253 ideo
226 3190 287 3254 hoc
301 3203 415 3255 natura
429 3190 571 3276 priorem
589 3192 739 3256 haberet:
762 3193 862 3255 hasce
878 3210 935 3254 res
953 3213 1017 3255 non
1039 3203 1233 3277 propterea,
1265 3209 1340 3273 quo·

132 3294 218 3358 niam
234 3300 376 3371 futurae.
399 3297 458 3361 sed
473 3308 612 3371 tantum,
636 3296 785 3382 quoniam
802 3295 976 3382 possibiles
990 3295 1022 3359 in
1036 3316 1073 3360 se
1088 3308 1199 3371 orant,
1221 3314 1343 3381 cogno·

132 3398 195 3474 vit;
218 3411 250 3463 et
262 3397 337 3465 hinc
356 3400 452 3465 etiam
474 3421 587 3465 omncs
612 3401 692 3465 alias
719 3421 791 3473 res,
813 3420 897 3485 quse
920 3410 994 3463 sunt
1011 3399 1205 3484 possibiles,
1228 3397 1342 3461 eadem

164 3743 188 3806 ¹)
209 3746 303 3803 opusc.
322 3745 372 3793 33.
390 3746 430 3793 Dc
449 3745 502 3793 dio.
524 3747 621 3803 omnip.
640 3758 666 3796 o.
688 3747 716 3795 7.
732 3743 802 3794 Ven.
821 3743 896 3797 1703.
914 3741 1034 3808 0pp'1'.
1052 3744 1079 3795 3.
1097 3756 1123 3808 p.
1142 3739 1246 3793 313.”θ.
1267 3743 1291 3790 l.
1311 3739 1341 3790 0.

131 3831 174 3884 cf.
190 3831 287 3882 Dldo
301 3830 404 3896 chus,
423 3844 468 3896 ap.
486 3832 515 3884 J.
532 3834 704 3884 Damaso.
727 3835 806 3882 socr.
822 3835 923 3890 oorntl.
942 3835 975 3883 t..
994 3847 1022 3881 o.
1042 3836 1081 3883 tlt.
1101 3835 1152 3883 47.
1171 3829 1243 3895 0pp.
1286 3860 1294 3877 ·
1313 3821 1342 3881 2.

131 3935 159 3987 p.
171 3922 231 3972 731.
248 3947 281 3956 —
306 3919 467 3984 Gregor.
494 3921 601 3985 Nyso.
628 3923 707 3973 cont.
732 3923 848 3972 Eunoni.
871 3925 890 3971 l.
911 3923 938 3971 1.
956 3919 1026 3987 opp.
1044 3920 1109 3971 Por.
1126 3919 1201 3970 1638.
1219 3919 1251 3970 Τ.
1268 3919 1296 3970 2.
1313 3929 1342 3984 p.

131 4011 236 4063 3030.
253 4036 287 4046 -
305 4009 536 4062 'theodoret
554 4013 586 4062 lo
603 4014 669 4062 Gen.
685 4027 709 4073 q.
724 4014 775 4061 37.
794 4008 866 4074 0pp.
887 4010 921 4061 Τ.
935 4008 961 4062 l.
976 4025 1005 4077 p.
1019 4012 1064 4063 32.
1084 4011 1118 4061 D.
1146 4034 1179 4047 ·-
1203 4008 1342 4060 Minue.

132 4100 202 4152 set.
222 4105 281 4153 oct.
298 4116 323 4154 c.
341 4099 436 4152 0210
455 4099 632 4153 Galland.
650 4103 790 4152 BittPP.
806 4099 841 4151 Τ.
857 4101 883 4151 2·
902 4113 928 4165 p.
948 4098 1006 4151 000.
1026 4111 1052 4151 c.
1073 4100 1097 4148 l.
1115 4125 1148 4136 -
1165 4096 1342 4149 Lactant.

134 4192 192 4243 nto.
205 4191 291 4244 s‘nsttt.
305 4192 325 4242 t.
342 4192 369 4242 3.
386 4205 412 4245 o.
427 4194 476 4243 24.
494 4189 566 4255 Opp.
581 4190 611 4241 Τ.
627 4192 658 4243 l.
673 4203 702 4255 p.
720 4187 779 4240 300.
796 4213 831 4226 -
849 4188 1018 4254 Fulgeut.
1044 4191 1086 4239 lte
1108 4189 1186 4240 serit.
1206 4190 1341 4247 praedest.

136 4287 238 4349 σεμναί.
252 4283 274 4332 t.
296 4282 325 4334 3,
349 4296 376 4331 c.
404 4283 432 4331 3.
449 4294 477 4331 n.
498 4282 526 4332 7.
544 4278 615 4348 opp.
633 4292 661 4343 p.
678 4278 739 4329 080.
757 4282 799 4330 Dc
814 4281 860 4339 M·
878 4279 914 4330 nd
929 4281 1003 4328 Petr.
1021 4291 1045 4332 c.
1061 4279 1111 4328 34.
1128 4292 1157 4328 n.
1177 4278 1224 4328 73.
1239 4289 1265 4341 p.
1283 4274 1343 4330 oto.

141 4391 167 4405 ··
182 4368 337 4435 Gregor.
352 4367 391 4421 Μ.
407 4370 475 4420 Mor.
490 4372 509 4419 l.
528 4371 576 4418 20.
595 4383 619 4418 c.
638 4370 707 4420 232.
727 4384 752 4420 n.
773 4371 821 4419 33.
839 4366 911 4434 Opp.
930 4365 963 4417 Τ.
987 4362 1012 4418 1:
1037 4377 1062 4418 o.
1078 4366 1137 4416 037.
1157 4367 1175 4416 t.
1196 4369 1224 4417 9.
1247 4379 1271 4416 c.
1289 4366 1341 4415 47.

141 4458 352 4511 omem.

166 4537 188 4613 ²)
206 4547 289 4600 Rom.
308 4545 334 4607 t,
354 4545 394 4595 lt.
1077 4611 1080 4619 Ι

1060 4623 1139 4696 11*
