2926 5168
122 373 159 418 se
179 353 296 438 ipsum,
319 370 414 438 quam
430 362 560 418 caetera
578 355 702 428 omnia,
726 375 861 440 quornm
878 374 1038 441 expressa
1057 365 1110 418 est
1123 353 1237 442 imago
1253 350 1329 419 Ver·
1371 422 1373 428 ,

123 460 208 534 bum,
223 460 282 524 sed
302 470 436 523 naturae
447 458 572 524 divinae
587 459 743 545 imprimis
761 470 795 525 et
808 462 987 543 essentiae3
1003 459 1102 524 tttns
1114 479 1174 525 seu
1186 456 1331 526 Verbum

122 584 181 649 per
203 564 415 651 semetipsum
436 564 605 655 intelligit;
628 578 662 631 et
684 566 783 630 etiem
810 566 954 652 Spiritus
977 566 1011 630 S.
1036 583 1250 652 quaecunque
1281 584 1332 631 co·

122 668 262 758 gnoscit,
284 690 344 754 per
365 671 451 735 idem
466 670 608 736 Verbum
622 671 882 756 comprehendit3
905 682 1019 736 neuter
1041 682 1151 736 autem
1172 672 1238 737 hoc
1258 692 1331 756 pro·

122 777 228 849 ducit,
262 775 335 861 quia
358 777 427 860 jam
464 778 656 862 productum
694 789 754 842 est.
792 779 842 843 lta
878 796 1003 863 quoque
1035 776 1172 863 Spiritui
1202 774 1240 841 S.
1270 777 1332 842 alio

123 900 234 947 umore
257 902 339 968 opus
360 902 424 947 non
446 891 507 958 est,
530 903 592 968 quo
613 894 701 947 emet
721 883 802 968 ipse,
826 903 898 948 cum
921 902 1012 947 amor
1034 902 1162 960 amore,
1184 883 1250 948 hoc
1271 894 1333 959 est,

123 988 232 1072 seipso
255 998 360 1062 amet,
394 986 544 1074 quidquid
575 986 675 1052 amari
696 999 814 1073 potest.
845 987 954 1067 Quare
984 1006 1045 1053 nec
1068 988 1152 1053 aliud
1173 986 1333 1064 Verbum,

123 1113 307 1157 amoremve
323 1092 429 1167 alium,
452 1093 523 1157 sive
541 1092 620 1157 alias
642 1110 801 1178 personas
821 1093 965 1158 existere
979 1112 1117 1160 necesse
1140 1105 1202 1170 est,
1226 1112 1334 1181 qnam·

122 1199 173 1263 vis
197 1196 357 1284 quaelibet
378 1217 518 1282 persona
549 1198 709 1286 intelligat
730 1210 764 1263 et
785 1209 891 1272 amet,
922 1219 1018 1283 quum
1040 1201 1154 1264 eedem
1176 1198 1222 1263 sit
1242 1220 1334 1284 pror·

123 1326 180 1368 sus
200 1323 335 1369 numero
364 1303 532 1389 perceptio
559 1323 619 1368 seu
647 1303 842 1380 intellectio,
876 1303 1053 1390 eademque
1076 1302 1207 1369 dilectio
1216 1351 1230 1387 ,
1258 1303 1334 1370 licet

122 1408 305 1474 notionibus
328 1409 489 1474 distincta.

204 1514 267 1579 Hic
288 1515 409 1600 triplex
431 1514 558 1579 divinae
580 1513 782 1579 substantiae
805 1535 864 1579 seu
886 1525 1021 1578 naturae
1044 1512 1247 1578 subsistendi
1269 1532 1333 1576 mo·

121 1621 192 1698 dus,
214 1622 286 1684 sive
307 1621 390 1685 baec
410 1616 530 1705 triplex
550 1618 614 1682 Dei
643 1638 784 1704 persona
805 1639 1005 1705 nequaquam
1032 1629 1086 1684 est
1105 1628 1231 1683 tantum
1253 1617 1333 1683 acci·

122 1725 201 1789 deus
224 1725 319 1790 etad
342 1723 517 1788 essentiam
540 1722 680 1787 divinam
703 1725 845 1808 adjecta,
878 1726 937 1788 sed
959 1725 999 1789 ed
1020 1736 1168 1790 naturam
1191 1722 1333 1787 divinem

120 1829 309 1913 pertinens,
339 1828 531 1896 necessaria
563 1849 601 1893 ac
631 1841 781 1905 aeterna,
811 1851 905 1915 quum
935 1829 968 1894 in
996 1831 1070 1895 Deo
1101 1829 1146 1893 nil
1179 1828 1333 1895 accidens

122 1935 218 1998 detur
240 1946 279 2014 ¹).
303 1936 511 2021 Quapropter
533 1944 566 1998 et
593 1954 656 1999 una
677 1953 819 2020 persona
841 1936 881 1998 ab
909 1933 972 1999 alia
1000 1954 1063 1998 non
1093 1934 1245 2020 procedit
1265 1934 1333 1998 sola

121 2039 284 2104 voluntate
307 2060 345 2106 ac
367 2041 540 2115 libertate,
570 2040 629 2102 sed
651 2052 786 2105 naturae
809 2040 936 2104 divinae
955 2037 1166 2116 necessitate,
1189 2054 1273 2126 quae
1295 2039 1333 2103 ab

121 2146 192 2228 ejus
215 2167 341 2210 summa
362 2146 560 2232 perfectione
577 2144 715 2230 produit,
740 2164 864 2232 qusque
886 2145 932 2222 tit,
954 2156 991 2209 ut
1010 2142 1110 2209 Pater
1127 2144 1333 2231 intelligendo

122 2271 184 2314 non
206 2251 311 2335 possit
332 2273 395 2319 non
418 2252 599 2336 producere
622 2250 787 2324 Verbum,
811 2263 844 2316 et
865 2249 966 2315 Pater
989 2258 1021 2314 et
1042 2250 1143 2315 Filius
1166 2268 1245 2315 sese
1267 2260 1333 2324 (ne-

121 2355 266 2437 cessario
289 2375 328 2420 ac
348 2355 467 2443 libere)
490 2356 625 2421 amando
647 2376 713 2420 non
733 2355 863 2442 possint
883 2378 945 2421 non
968 2357 1150 2440 producere
1173 2354 1333 2442 Spiritum

122 2462 177 2546 §.3
199 2461 290 2525 Deus
313 2461 397 2525 enim
429 2466 640 2545 semetipsum
674 2481 798 2548 negare
827 2483 891 2526 non
920 2472 1038 2545 potest.
1069 2461 1215 2539 Quaevis
1236 2480 1333 2546 porro

122 2563 235 2628 harum
259 2563 543 2628 subsistentiarum
566 2564 670 2628 estin
694 2584 731 2627 se
753 2564 888 2637 infinita,
911 2567 962 2630 cui
983 2565 1027 2630 nil
1048 2567 1161 2642 deest,
1184 2584 1261 2631 cum
1283 2566 1331 2630 de·

121 2667 226 2733 fectus
248 2680 370 2733 tantum
391 2669 434 2732 ibi
457 2668 610 2742 obtineat,
633 2669 688 2733 ubi
711 2669 776 2733 enti
798 2669 894 2734 alicui
915 2670 1085 2757 quidquam
1107 2670 1228 2746 delicit,
1252 2671 1331 2757 quod

122 2772 162 2846 ei,
185 2785 220 2837 nt
240 2774 272 2838 in
296 2796 357 2839 suo
379 2793 502 2861 genere
525 2784 616 2837 esset
636 2773 827 2858 perlectum,
850 2788 984 2859 praesto
1007 2797 1083 2840 esse
1106 2777 1253 2844 deberet.

205 2878 362 2957 Quoniam
391 2890 498 2943 antem
527 2899 627 2963 porro
657 2879 820 2966 cognitio,
854 2899 914 2943 seu
942 2891 977 2943 ut
1006 2886 1178 2965 loquuntur
1201 2880 1328 2944 Schola·

122 2983 206 3060 stici,
228 2985 404 3050 intellectio
428 2989 503 3062 (bod
526 2985 698 3070 drltnuttt)
733 2987 772 3049 ad
801 2987 980 3070 perlectam
1011 2984 1255 3050 similitudinem
1281 3003 1327 3049 co·

123 3090 311 3175 gnoscentis
342 3090 585 3174 exprimendam
607 3091 727 3165 tendit,
749 3092 834 3177 quod
864 3089 1085 3179 generationis
1114 3103 1176 3166 est,
1205 3089 1324 3155 dilectio

122 3206 229 3260 autem
250 3216 314 3259 non
336 3197 431 3273 item,
461 3199 520 3260 sed
551 3217 610 3281 per
632 3198 762 3261 modum
782 3197 938 3281 impulsus
958 3196 1068 3262 vitalis
1090 3196 1163 3264 liat:
1195 3196 1321 3284 explica·

123 3311 193 3378 tur,
224 3321 323 3387 qnare
344 3302 455 3374 Deus,
486 3314 644 3388 quatenus
667 3324 703 3367 se
726 3323 931 3390 cognoscens
955 3323 1015 3367 seu
1035 3301 1224 3390 intelligens
1247 3305 1320 3389 cogi·

121 3417 208 3471 tatur
230 3407 374 3490 Pater,
396 3407 539 3494 cognitio
563 3407 735 3482 autemid
757 3428 819 3494 qua
841 3430 878 3474 se
899 3407 1071 3497 cognoscit
1090 3406 1238 3484 Filius,
1261 3408 1327 3472 ideo

123 3511 218 3576 etiam
240 3512 485 3596 Sapientia,
507 3513 643 3600 imago
666 3513 730 3577 Dei
752 3515 859 3579 dictrrs
881 3522 930 3592 2),
960 3525 1056 3599 utque
1078 3530 1188 3588 umor,
1217 3514 1249 3579 in
1270 3529 1320 3598 quo

122 3636 160 3681 se
181 3629 317 3703 uterque
339 3617 450 3704 diligit,
474 3618 586 3703 Spir
601 3623 612 3682 i
628 3629 643 3681 t
658 3640 712 3682 us
735 3620 790 3695 S„
813 3619 910 3684 etiam
932 3617 1126 3683 ebaritas
1148 3628 1320 3704 propterca,

124 3723 366 3796 communio,
388 3722 577 3802 unitas,
608 3724 872 3808 amplexus
894 3724 1155 3812 cognominatus,
1177 3738 1313 3807 nuncupt·

123 3839 176 3891 tur
198 3836 239 3905 8).
263 3827 495 3892 simulantem
518 3829 751 3915 cognoscitur,
775 3844 873 3916 quere
895 3830 995 3896 Pater
1015 3825 1152 3906 titium,
1182 3830 1274 3894 Pater
1289 3830 1313 3886 tl

123 3932 223 3997 Filius
247 3933 401 4014 Spiritum
423 3932 457 3997 8.
482 3932 610 3998 mittere
633 3934 773 4011 dicatur,
797 3935 898 4000 Pater
920 3946 1027 4000 autem
1050 3955 1115 3999 non
1139 3935 1282 3999 mittans.

120 4133 387 4146 ——n————

161 4233 186 4301 1)
205 4234 460 4300 (ilbugustin.
484 4241 526 4288 De
550 4239 645 4290 l'rlnr't.
670 4243 690 4289 t.
713 4242 741 4290 5.
766 4253 792 4290 o.
814 4241 841 4290 5.
868 4250 896 4288 n.
917 4241 944 4289 6.
962 4234 1033 4302 0pp.
1055 4228 1090 4290 Ψ.
1109 4239 1137 4290 8.
1154 4232 1242 4290 eddi
1258 4251 1310 4299 n?

123 4327 193 4376 Aru
202 4322 254 4379 ob.
261 4322 324 4388 lun.
336 4330 457 4389 Conflict.
471 4344 497 4379 c.
509 4326 650 4387 serapion.
659 4326 691 4377 ln
703 4330 775 4379 Bibl.
785 4342 858 4378 man.
866 4328 922 4379 PP.
930 4327 1060 4393 Lugdun.
1071 4324 1139 4380 Μ.
1149 4320 1281 4394 μῖθθῶ.
1293 4332 1311 4368 ⁸·

157 4409 182 4483 ¹)
202 4419 228 4468 2.
247 4417 310 4468 Gor.
329 4416 354 4475 ll,
372 4419 397 4468 lt.
415 4414 474 4467 col.
495 4421 519 4473 l.
539 4416 579 4469 ib.
598 4417 688 4471 Hebr.
707 4420 730 4477 l,
748 4419 773 4469 3.
793 4415 837 4470 Cf.
855 4419 937 4468 Joan.
957 4417 983 4480 8,
1002 4418 1042 4469 19.
1061 4409 1105 4478 ld,
1119 4418 1148 4473 9.

125 4524 128 4531 -
156 4498 178 4574 ³)
197 4505 240 4558 ct.
258 4506 464 4570 augustin.
489 4512 531 4557 nc
557 4510 650 4559 urata
676 4511 694 4556 1.
722 4510 772 4559 15.
796 4523 821 4558 ο.
852 4511 899 4559 rr.
925 4525 952 4560 n.
979 4513 1029 4562 aa.
1055 4512 1106 4562 or.
1125 4502 1311 4575 opputa-

122 4597 173 4648 oss
192 4611 218 4650 s.
236 4624 270 4634 -
289 4595 321 4649 s.
340 4596 461 4650 auom.
481 4600 510 4650 r,
529 4614 554 4659 ᾳ.
573 4600 622 4650 ee.
643 4606 693 4648 arr.
712 4600 743 4650 s.
761 4590 833 4662 opp.
854 4597 886 4650 r.
904 4598 946 4650 eo.
964 4610 992 4663 p.
1010 4600 1062 4650 ass
1079 4612 1106 4650 a.
