2926 5168
123 356 183 417 tes,
205 361 283 426 quas
300 338 734 406 nohisEcclesiaCatholica
746 352 896 425 tanquam
907 341 1060 407 divinitus
1071 345 1335 424 communicatas,

124 460 157 512 et
173 447 247 510 ideo
264 447 327 510 fide
346 446 451 511 divina
475 446 632 510 tenendas
648 444 817 530 proponit,
841 457 873 509 et
890 445 1016 530 quidem
1037 449 1097 513 has
1114 472 1239 528 omnes,
1264 454 1336 519 sive

124 566 290 618 caeterum
307 552 374 619 sint
389 553 457 636 jam
479 572 536 636 per
552 562 674 616 certam
692 550 886 614 sententiam
896 551 1069 618 Ecclesiae
1087 555 1218 620 definite
1237 579 1336 623 enun-

123 658 240 731 tiatae,
264 657 335 721 sive
355 678 436 732 non,
458 668 591 742 praeter
607 655 679 719 illas
702 665 809 717 autem
834 654 877 717 nil
893 654 994 729 alind,
1017 659 1068 723 vel
1098 661 1211 745 paucis
1234 685 1336 748 sym.

123 762 266 827 bolum
289 785 349 827 seu
385 762 533 847 dogma
564 757 844 823 Catholicum.
875 757 1027 824 Christus
1050 763 1210 830 Dominus
1231 770 1336 845 enim,

124 882 159 933 ut
186 867 262 931 alibi
287 865 599 939 demonstravimus,
624 884 752 928 omnem
782 864 1017 929 revelationem
1042 889 1134 932 suam
1163 874 1337 939 Ecclesiae

123 973 270 1048 tradidit,
293 972 326 1035 in
354 994 415 1057 qua
438 983 471 1035 et
489 991 549 1056 per
568 989 663 1055 quam
690 970 924 1034 redemtionem
943 971 1120 1049 continuat,
1140 990 1171 1042 et
1192 978 1223 1041 in
1240 980 1334 1044 nobis

121 1077 256 1165 perlicit.
280 1078 485 1162 Quapropter
505 1074 693 1159 Theologia
714 1075 915 1160 dogmatica,
939 1088 974 1139 ut
1002 1076 1139 1142 scientia
1164 1076 1333 1141 doctrinae

123 1183 198 1248 fidei
210 1181 360 1246 divinitus
375 1182 540 1245 revelatae
558 1179 631 1254 dici,
647 1179 879 1266 Catholicaque
901 1182 1124 1266 cognominari
1145 1193 1262 1266 queat,
1281 1183 1334 1245 do·

123 1288 260 1354 utrinam
288 1286 386 1362 illam,
409 1296 507 1371 prout
529 1285 560 1348 in
582 1285 653 1348 sinu
678 1283 849 1349 Ecclesiae
870 1285 1060 1350 Catholicae
1085 1286 1278 1360 custoditur,
1303 1298 1336 1349 et

121 1413 180 1476 per
200 1412 270 1456 eam
289 1391 446 1465 traditur,
470 1390 625 1453 exhibeat
640 1409 779 1453 necesse
798 1401 860 1454 est.
884 1390 1020 1455 Praeter
1036 1391 1196 1457 veritates
1225 1404 1334 1455 autem

123 1499 163 1562 ad
177 1496 272 1561 fldem
290 1495 492 1561 Catholieam
508 1505 697 1581 spectantes
719 1494 849 1557 nonnisi
869 1493 962 1571 illas,
987 1517 1068 1581 quae
1083 1518 1155 1560 cnm
1179 1496 1335 1560 revelatis

122 1602 312 1667 necessario
334 1602 529 1674 cohaerent,
554 1612 587 1663 et
605 1599 644 1664 ad
663 1601 794 1663 easdem
817 1601 1055 1665 collustrandas
1075 1622 1114 1666 ac
1141 1603 1333 1678 firmandas,

122 1729 197 1782 seu,
219 1719 255 1771 ut
271 1708 377 1792 ajunt,
400 1705 517 1770 rationi
539 1724 664 1790 quoque
682 1703 906 1769 suasibiliores
922 1707 1103 1770 reddendas
1130 1707 1268 1781 faciunt,
1292 1729 1335 1772 ex

121 1825 200 1878 sana
216 1811 440 1897 philosophia,
460 1812 510 1875 vel
532 1811 641 1895 potius
658 1831 700 1874 ex
721 1811 794 1894 ipsa
810 1831 919 1875 rerum
939 1823 1053 1876 natura
1076 1813 1261 1897 depromtas
1284 1834 1334 1876 re·

122 1918 214 2003 cipit,
239 1919 323 2003 quod
340 1916 468 1980 indoles
494 1915 651 1980 scientiae
670 1915 859 1979 necessario
887 1916 1034 2001 deposcit
1042 1940 1051 1990 ;
1073 1919 1216 2004 reliquas
1226 1930 1335 1982 autem

122 2044 257 2100 omnes,
282 2036 464 2108 tanquama
482 2044 542 2088 suo
560 2032 753 2108 argumento
770 2020 892 2087 alienas
909 2023 1041 2107 respuit.

548 2187 582 2270 t.
605 2191 642 2260 3.
664 2189 916 2259 methodus.

207 2337 400 2414 Methodus,
436 2360 531 2424 quam
555 2338 588 2403 in
611 2339 797 2425 Theologia
829 2338 1012 2426 dogmatica
1034 2339 1190 2404 tradenda
1209 2339 1337 2405 servari

121 2457 261 2529 oportet,
279 2444 511 2511 estmethodus
523 2444 702 2510 scientifica
716 2445 788 2529 ipsa
802 2445 841 2508 ad
858 2446 976 2530 dogma
986 2443 1187 2511 Catholicum
1208 2449 1336 2512 adcom-

121 2551 258 2614 modata.
278 2550 483 2634 Quapropter
500 2570 596 2635 quum
610 2547 766 2613 scientiae
783 2549 826 2612 sit
843 2548 991 2624 efficere,
1014 2562 1134 2627 utres,
1157 2552 1245 2618 circa
1256 2572 1336 2639 quas

120 2666 288 2729 versatur,
312 2654 478 2731 sciantur,
500 2653 589 2717 notio
616 2655 792 2719 earundem
816 2656 919 2734 clara,
943 2667 1033 2721 certa
1057 2668 1090 2720 et
1104 2658 1265 2743 completa
1282 2661 1336 2723 oh·

121 2758 276 2824 lineatur:
301 2758 489 2845 Theologia
510 2759 782 2847 dogmaticaprae
800 2760 949 2826 omnibus
966 2761 1119 2826 notiones
1134 2763 1336 2848 singularum

121 2866 294 2933 veritatum
311 2866 547 2932 credendarum
577 2866 770 2952 perspicuas
788 2866 945 2932 exhihere
967 2867 1113 2942 debebit,
1138 2887 1219 2952 quae
1235 2888 1336 2933 verae

125 2973 322 3063 cognitionis
341 2984 477 3038 nostrae
501 2984 597 3058 atque
623 2972 700 3037 lidei
715 2972 918 3037 rationabilis
936 2973 1079 3038 conditio
1097 2994 1136 3038 ac
1152 2973 1336 3039 fundamen·

120 3093 188 3145 tum
204 3092 286 3145 sunt.
311 3079 384 3159 Quo
406 3089 559 3163 respectu
584 3099 649 3142 non
667 3079 726 3142 ahs
747 3098 784 3142 re
815 3078 877 3143 erit
907 3079 1024 3164 ubique
1050 3079 1161 3163 paucis
1185 3081 1336 3163 praemit·

124 3201 193 3254 tere
211 3184 475 3249 adversariorum
491 3204 643 3256 errores,
668 3205 763 3269 quum
788 3204 831 3249 ex
850 3183 942 3248 hisce
965 3183 1087 3248 veritas
1102 3185 1251 3269 opposita
1270 3206 1336 3251 non

122 3314 236 3378 parum
256 3290 339 3356 lucis
361 3311 400 3354 ae
422 3289 578 3354 claritatis
594 3290 740 3374 accipiat.
762 3290 867 3354 Porro
883 3311 980 3374 quum
995 3309 1109 3354 omnes
1135 3291 1336 3366 sententiae,

121 3419 202 3484 quae
230 3397 269 3461 ad
294 3395 449 3459 ambitum
472 3395 637 3459 doctrinae
655 3394 844 3460 Catholicae
871 3394 1052 3481 pertinent,
1076 3395 1160 3459 haud
1188 3397 1336 3479 ejusdem

125 3500 410 3574 sintcertitudinis,
422 3499 572 3563 sedaliae
584 3498 1049 3587 dogmatasintdelinita,aliae
1066 3500 1234 3564 nonitem:
1257 3501 1335 3568 lidei

122 3610 259 3695 gradum
277 3605 450 3690 cujuslibet
462 3604 592 3679 indicet,
609 3607 742 3691 ejusque
757 3604 928 3670 veritatem
942 3604 1045 3668 firmis
1059 3623 1097 3668 ac
1112 3605 1227 3670 solidis
1241 3627 1336 3692 argu-

123 3712 242 3779 mentis
254 3713 454 3777 demonstret
469 3730 608 3776 necesse
625 3701 686 3776 est.
699 3711 790 3775 lnter
801 3722 992 3798 argumenta
1009 3721 1115 3774 autem
1130 3710 1258 3776 isthaec
1269 3714 1338 3797 pri-

123 3818 326 3883 mumlocum
337 3837 497 3902 nunquam
508 3836 572 3879 non
586 3834 745 3900 occupare
754 3815 870 3879 dehent
885 3814 949 3887 illa,
961 3834 1041 3899 quae
1056 3833 1099 3878 ex
1113 3814 1194 3900 ipsis
1212 3817 1337 3883 revela·

122 3924 220 3989 tionis
243 3922 403 3996 fontibus,
427 3923 464 3990 S.
484 3920 653 4006 Scriptura
677 3920 802 3985 scilieet
827 3933 860 3985 et
888 3919 1105 3992 Traditione‚
1135 3920 1237 3994 unde,
1261 3921 1338 4007 quid

123 4029 238 4116 quovis
253 4042 401 4112 tempore
412 4027 487 4091 inde
507 4028 546 4091 ah
560 4026 652 4091 initio
663 4025 815 4090 Ecclesia
828 4026 984 4098 docuerit,
1003 4036 1180 4111 comparet,
1204 4038 1237 4091 et
1255 4028 1338 4094 haec

122 4138 193 4221 ipsa
205 4133 395 4206 doctrinam,
409 4155 478 4207 seu,
495 4144 531 4197 ut
549 4132 672 4198 nostris
691 4131 803 4196 diebus
813 4130 901 4218 loqui
914 4141 1032 4204 amant,
1056 4151 1147 4196 suam
1164 4133 1339 4199 conscien-

123 4242 199 4306 tiam
219 4240 378 4306 instaurat
401 4260 439 4303 ac
461 4251 617 4312 renovat,
652 4240 900 4324 depromuntur;
939 4259 1036 4324 quum
1067 4247 1189 4302 tantum
1208 4237 1337 4316 iisdem,

123 4347 268 4433 singulas
284 4345 464 4412 sententias
484 4365 602 4411 revera
629 4342 819 4408 revelationi
837 4343 962 4408 divinae
979 4343 1011 4407 in
1032 4344 1175 4428 acceptis
1191 4343 1338 4411 referen-

124 4456 182 4519 das
198 4473 292 4527 esse,
315 4464 524 4520 monstretur.
550 4452 644 4532 Quod
666 4469 869 4536 cognoscere
890 4449 1061 4514 manifeste
1080 4470 1176 4535 quam
1194 4450 1339 4516 maxime

123 4578 163 4627 ac
188 4558 348 4646 imprimis
378 4556 621 4626 neccessarium
646 4569 706 4628 est,
729 4554 888 4624 Doctrina
910 4554 996 4622 enim
1030 4553 1197 4622 catholica
1219 4575 1238 4619 a
1262 4555 1338 4622 Deo
