2926 5168
1299 229 1362 299 107

193 382 230 460 a)
252 397 438 463 corpore
459 379 717 467 indigemus.
743 378 822 455 aas
845 387 915 442 etat
934 398 1070 442 escam
1092 387 1198 444 amai
1220 387 1361 446 carni:

150 487 349 569 paoaie-ot
382 491 424 549 ia
453 495 672 549 aeternam
705 487 1138 563 misericordiosius
1170 489 1212 571 ¹).
1251 487 1360 567 Quare

149 588 385 665 Christus,
408 601 580 675 postquam
598 590 809 664 ostenderat,
832 589 940 653 Deum
955 589 1100 675 ipsarum
1121 591 1300 677 plantarum
1322 613 1361 658 aa

149 693 335 760 animalium
364 715 475 763 curam
497 717 636 784 gerere,
658 719 720 761 nos
739 698 908 762 admonet:
930 701 1032 762 Nolite
1045 718 1121 777 erpo
1132 702 1259 762 solliciti
1278 719 1362 783 esse,

150 803 312 863 dicentes:
336 801 426 877 Oaid
440 807 720 878 manducabimus,
743 805 892 886 aatqaid
904 806 1061 876 ditemus,
1084 811 1214 885 aatqao
1236 810 1362 883 operie-

149 907 250 968 mart
271 906 360 969 Haec
387 915 473 970 enim
500 913 607 971 amaia
627 917 742 988 peotes
777 911 955 990 iaqeeiraat.
986 907 1086 971 Scit
1110 914 1216 971 caim
1241 921 1363 990 pater

149 1023 321 1092 aester,
352 1018 452 1096 qaia
480 1016 559 1076 leis·
579 1020 777 1077 omaidas
805 1015 1020 1090 iadiaetis
1042 1014 1082 1095 ²).
1115 1013 1160 1077 Ilt
1181 1015 1359 1095 Apostolus

150 1127 227 1199 post
263 1115 480 1204 Magistrum:
516 1119 648 1182 Omaem
692 1119 941 1181 sollicitudinem
979 1127 1121 1182 cestram
1153 1124 1363 1200 projicientes

154 1234 189 1284 ia
213 1243 309 1303 eam,
331 1228 482 1305 qaoaiam
502 1227 587 1305 ipsi
608 1243 710 1287 cara
731 1230 794 1285 est
813 1225 860 1285 de
881 1225 1001 1285 codis
1023 1223 1058 1307 ³).
1082 1260 1121 1272 -
1144 1225 1251 1310 Atque

190 1330 221 1409 β.
244 1327 386 1392 maxime
405 1328 601 1412 quaenohis
620 1329 722 1414 quoad
754 1327 932 1392 animam
961 1339 1057 1391 sunt
1086 1332 1361 1397 necessaria.

151 1433 234 1498 ilinc
249 1432 362 1508 nobis,
384 1444 472 1497 teste
500 1434 534 1498 S.
566 1432 755 1518 Scriptura,
783 1444 820 1496 ut
835 1434 920 1497 dona
943 1432 1102 1497 naturalia
1124 1434 1361 1521 intelligentiae

152 1550 184 1603 et
197 1538 293 1604 liberi
311 1536 435 1603 arbitrii
454 1539 582 1603 silentio
597 1549 862 1624 praetereamus,
883 1538 1117 1603 revelationem
1141 1539 1239 1615 dedit,
1261 1545 1362 1604 mat-

152 1651 364 1726 iifariam,
395 1651 617 1729 multisque
648 1648 776 1708 modis
809 1649 910 1708 otim
941 1652 1123 1728 toqaeas
1148 1650 1362 1724 petridae,

154 1759 384 1817 novissime
410 1755 585 1830 locatas
614 1760 684 1814 est
708 1754 835 1815 aedis
868 1758 909 1814 ia
939 1751 1056 1813 Filio
1087 1756 1130 1830 4),
1153 1754 1361 1817 erudiens

152 1881 246 1942 aas,
269 1866 318 1921 at
336 1859 606 1937 adaequatae
627 1863 915 1939 impietatem,
938 1863 982 1918 et
1000 1857 1272 1920 saecularia
1293 1859 1360 1920 de-

150 1967 336 2046 sideria,
360 1966 517 2035 sedric,
540 1966 727 2040 etjaste,
751 1966 877 2043 etpie
898 1965 1090 2025 aicamas
1110 1968 1151 2024 ia
1171 1964 1248 2025 icoc
1269 1985 1360 2026 soe·

151 2071 242 2133 calo
265 2069 303 2154 ⁶).
326 2105 366 2118 -
397 2067 503 2132 Porro
525 2088 585 2154 per
613 2067 729 2131 Filium
758 2088 851 2131 suum
877 2087 938 2130 nos
966 2065 1117 2134 redemit.
1143 2071 1222 2147 ¹Sic
1253 2072 1361 2131 eaim

151 2177 288 2249 Deae,
311 2173 356 2237 ait
382 2173 454 2257 ipse
481 2171 607 2236 divinus
630 2173 858 2248 Salvator,
888 2173 1047 2234 ditexit
1066 2181 1276 2248 mandam,
1319 2182 1362 2235 at

151 2283 315 2345 Filiam
336 2301 451 2344 suam
472 2284 733 2359 aaipeaitam
754 2282 897 2341 daret:
919 2282 1090 2359 atomais,
1121 2281 1177 2360 qai
1203 2280 1306 2340 credit
1325 2282 1361 2339 ia

152 2409 238 2462 eam,
259 2406 324 2448 aaa
346 2393 474 2466 pereat,
504 2388 564 2447 sed
589 2389 704 2448 habeat
727 2392 823 2448 citam
862 2390 1029 2445 aeternam
1049 2389 1090 2456 ⁶).
1113 2380 1158 2444 Et
1183 2381 1361 2466 Apostolus

150 2491 334 2556 Paulus:
360 2493 620 2554 Commendat
639 2498 778 2553 aatem
800 2491 1064 2554 charitatem
1091 2508 1213 2551 saam
1245 2489 1361 2549 Deus

150 2603 188 2659 ia
207 2598 365 2660 aoiisa
385 2602 534 2676 qaoaiam
563 2616 636 2658 cam
660 2598 767 2659 addae
789 2602 974 2677 peccatores
992 2615 1152 2669 essemus,
1182 2601 1361 2656 secandam

146 2711 272 2783 tempas
296 2702 585 2780 Christaspro
605 2705 725 2764 actis
746 2708 938 2763 mortuas
960 2708 1021 2763 est
1041 2703 1079 2780 ⁷).
1108 2700 1214 2785 Atque
1243 2697 1359 2760 Joan·

144 2828 245 2871 nes:
268 2814 317 2871 Ia
337 2809 411 2871 icoc
433 2810 641 2889 apparuit
660 2809 856 2869 charitas
878 2808 956 2867 Dei
984 2810 1024 2867 ia
1049 2807 1176 2868 aedis
1198 2804 1242 2889 (in
1270 2799 1359 2889 nos),
1429 2807 1432 2815 “

151 2912 353 2996 ‘qaoaiom
379 2914 538 2976 Filiam
567 2932 685 2975 saara
716 2917 989 2990 aaipeaitam
1018 2913 1135 2973 misit
1164 2913 1276 2974 Deas
1315 2909 1359 2973 ia

135 3026 356 3092 mandam,
380 3022 631 3082 atriaamas
657 3037 733 3097 per
758 3036 852 3081 eam.
882 3018 930 3078 Ia
957 3018 1034 3079 icoc
1062 3024 1132 3078 est
1160 3019 1361 3080 charitas

139 3121 238 3199 (scil.
268 3122 506 3201 manifestatam
531 3144 596 3187 aaa
611 3127 707 3206 qaasi
719 3143 778 3185 aas
800 3123 1013 3185 misceremus
1039 3123 1159 3198 Deam,
1180 3124 1242 3186 sed
1260 3143 1359 3204 qao-

133 3235 262 3291 atam
282 3232 377 3308 ipse
396 3230 705 3317 priorvditeait
723 3250 818 3302 aas,
842 3233 882 3288 et
899 3231 1017 3290 misit
1038 3228 1195 3291 aetiam
1236 3249 1359 3291 suam

111 3337 505 3413 propitiationem
523 3338 815 3415 propeccatis
835 3338 999 3396 nostris
1021 3332 1061 3418 ⁸),
1094 3371 1136 3381 —
1165 3333 1271 3419 Atque
1302 3353 1358 3396 no·

118 3434 198 3504 Iris
218 3459 280 3524 per
299 3437 456 3525 Spiritum
470 3441 504 3504 S.
525 3439 666 3528 gratiam
680 3439 915 3525 justificantem
930 3438 1068 3520 confert,
1091 3459 1152 3524 qua
1170 3438 1263 3502 nobis
1283 3457 1357 3523 peo-

115 3555 222 3609 tata
235 3543 462 3620 remittuntur,
484 3565 608 3631 nosque
626 3543 775 3608 renovati
791 3563 830 3609 ac
844 3549 1032 3632 regenerati
1047 3545 1162 3609 iterum
1191 3544 1224 3608 in
1249 3543 1356 3610 amici·

180 3807 205 3875 ¹)
223 3808 276 3861 Pe.
295 3806 354 3868 1³5,
372 3807 416 3858 25.
433 3804 477 3859 01.
496 3805 547 3859 Po.
571 3807 629 3867 tos,
650 3807 759 3859 tt-tt.
784 3804 878 3859 Baeti.
900 3806 944 3868 81,
970 3807 1015 3860 20.
1037 3809 1080 3873 50,
1098 3807 1142 3861 25.
1164 3808 1228 3863 Jerc
1251 3809 1295 3881 88,
1315 3809 1357 3862 11.

99 3898 211 3949 Aet.
228 3898 270 3957 tt,
292 3898 333 3947 10.

181 3984 207 4049 Ι)
224 3987 327 4039 Masta.
342 3987 368 4048 0,
386 3986 430 4037 01.
448 3987 493 4039 82.

181 4074 206 4144 ³)
223 4079 301 4130 Patr.
318 4079 345 4138 t,
363 4079 389 4135 7,
466 4100 469 4105 ·

184 4166 208 4232 ⁶)
224 4167 315 4222 Hebr.
334 4178 359 4231 1,
380 4171 456 4221 1-2.

186 4253 208 4322 ⁵)
225 4259 282 4313 Tit.
299 4260 326 4320 2,
345 4259 449 4313 1201.
468 4269 494 4314 1.
515 4258 581 4313 (ior.
601 4268 626 4322 1,
644 4262 687 4313 stt.
705 4261 789 4311 Joan·
811 4263 834 4321 1,
853 4263 896 4314 17.
914 4259 997 4312 Boot.
1019 4261 1059 4324 17,
1078 4259 1172 4313 9--1⁰.

188 4343 209 4413 ⁵)
224 4351 309 4403 toan.
326 4353 354 4411 3,
373 4352 415 4406 to.
1222 4358 1224 4363 ’

190 4435 209 4501 ⁷)
224 4442 310 4494 nom.
327 4447 361 4502 s,
385 4442 463 4494 s-o.
491 4440 532 4495 cr.
559 4443 593 4502 a,
616 4443 729 4494 as-ao.
747 4441 781 4503 s,
802 4444 844 4496 ιε.
863 4442 904 4492 aa.
924 4440 989 4492 aar.
1007 4449 1034 4501 e,
1051 4441 1128 4495 o-o,
1146 4441 1250 4507 aphes.
1281 4445 1305 4508 ι,
1330 4416 1357 4498 c.

118 4521 179 4574 2.
198 4527 263 4582 lim.
283 4539 310 4591 1,
327 4532 354 4581 9.
373 4533 397 4582 1.
415 4530 482 4584 Gor.
501 4532 525 4592 1,
544 4532 586 4583 10.
1288 4540 1291 4545 ’

188 4606 208 4680 ⁸)
224 4622 247 4671 r.
266 4621 351 4674 soen.
369 4622 396 4682 o,
413 4620 509 4672 o-1o.
528 4619 570 4672 or.
588 4621 615 4682 a,
635 4623 660 4672 ι.
680 4621 720 4672 ro.
737 4621 764 4684 o,
784 4621 826 4674 a.
847 4621 871 4671 ι.
890 4620 963 4675 aim.
981 4623 1007 4686 a,
1027 4624 1053 4677 o.
1072 4623 1129 4676 aa.
1151 4627 1177 4690 a,
1197 4625 1239 4678 n,
1258 4625 1284 4685 a,
1310 4604 1341 4676 a
