2926 5168
122 222 164 288 50

119 369 177 434 tati
205 369 362 443 studebit,
396 367 448 453 qui
477 368 593 440 Deum,
622 387 781 430 summum
807 367 930 430 Bonum
960 381 1055 453 atque
1080 369 1317 456 [legislatorem

120 473 365 548 sanctissimum,
382 471 529 537 revereri
542 457 756 559 ac'diligere,
778 472 807 534 in
825 491 865 535 eo
888 491 948 536 ceu
963 472 1061 536 Patre
1084 473 1317 561 benignissimo

118 580 267 646 fiduciam
281 580 460 650 collocare,
483 588 514 641 et
533 577 622 641 illum
639 589 799 663 tamquam
823 576 972 640 Judi'oem
998 577 1186 643 omniscium
1211 598 1250 642 ac
1271 579 1317 662 ju-

121 684 297 750 stissimum
313 684 426 748 timere
446 683 528 746 baud
546 681 714 748 didicerit?
737 665 903 760 Quomodo
922 680 1018 762 animi
1047 681 1186 766 quietern
1209 703 1317 747 serva-

121 782 177 864 bit,
200 799 294 874 atque
309 783 400 874 spem
418 788 542 852 futurae
563 786 649 851 vitae
666 786 803 862 fovebit,
826 785 878 871 qui
893 785 1008 860 Deum,
1025 787 1129 850 mundi
1142 787 1318 852 Rectorem

121 893 390 978 sapientissimum
408 904 501 978 atque
515 893 803 958 Remuneratorem
829 888 1129 964 clementissimum,
1148 890 1318 979 ignorave-

119 999 189 1064 rit?
210 1000 296 1064 Male
309 1001 349 1062 de
364 1006 433 1063 Deo
453 997 584 1073 sentire,
600 998 646 1060 -de
661 999 731 1082 ejus
746 1007 860 1060 natura
876 1007 909 1060 et
921 995 1082 1060 attributis
1100 996 1180 1059 falsa
1193 993 1319 1083 lingere

121 1104 193 1168 fons
221 1114 272 1168 est
295 1103 489 1170 vanissimae
515 1101 774 1187 superstitionis,
807 1101 908 1165 omnis
927 1100 1095 1185 pravitatis
1118 1113 1150 1166 et
1176 1122 1319 1166 summae

122 1207 331 1290 infelicitatis
354 1229 433 1273 vera
452 1219 558 1272 autem
576 1206 639 1270 Dei
654 1207 796 1295 cognitio
810 1197 1007 1272 intellectum
1022 1205 1188 1280 illuminat,
1212 1207 1320 1271 volun·

126 1325 224 1378 tatem
253 1315 386 1378 roborat
406 1334 444 1378 ac
464 1311 652 1387 confirmat,
676 1323 708 1377 et
727 1312 866 1376 animum
893 1311 1009 1374 solatio
1029 1332 1066 1376 ac
1082 1311 1188 1397 quiete
1206 1312 1321 1397 replet.

127 1419 217 1484 Unde
232 1420 295 1502 jam
317 1420 483 1483 Seneca
506 1417 565 1481 ait:
586 1421 733 1481 Bonus
754 1423 815 1481 vir
835 1423 928 1482 atne
948 1426 1029 1481 Deo
1050 1437 1165 1481 nemo
1187 1431 1251 1482 eet
1272 1425 1322 1499 ί),·

129 1535 163 1588 et
180 1537 253 1589 ante
273 1545 345 1588 eum
367 1524 566 1608 Sapiens:
587 1524 725 1586 Nosse
746 1528 827 1586 enim
857 1531 890 1586 te
918 1521 1039 1607 (Deus)
1069 1544 1322 1586 consumma-

123 1626 806 1712 tajustitia(sapientiaacjustitia)est:
828 1637 867 1691 et
885 1633 997 1692 seire
1002 1633 1118 1709 justi
1127 1628 1323 1712 ttbm[per·

124 1731 322 1818 lectionem),
336 1741 370 1796 et
384 1739 580 1797 virtutem
591 1733 923 1820 [majestatemJtoom,
936 1738 1069 1797 rodis
1087 1740 1149 1796 est
1159 1737 1246 1796 imm
1258 1756 1322 1796 or-

125 1843 322 1903 tntttotts
344 1838 466 1914 (omnis
479 1838 629 1924 felicatis)
647 1848 685 1916 ²).
708 1840 910 1923 Quapropter
933 1848 965 1902 et

205 1947 234 2012 3.
257 1943 413 2008 revelatio
429 1943 534 2008 divina
550 1944 656 2008 Deum
666 1944 883 2032 cognoscendi
899 1942 1126 2008 necessitatem
1139 1943 1227 2008 clare
1240 1941 1324 2008 edis·

128 2048 215 2114 serit.
239 2048 432 2113 Christus
454 2049 654 2114 Dominus
685 2048 767 2114 enim
791 2048 928 2113 divinam
953 2049 1169 2138 cognitionem
1196 2049 1325 2114 unicam

126 2154 211 2219 viam
245 2155 284 2217 ad
308 2153 406 2219 vitam
432 2166 595 2219 aeternam
625 2154 768 2220 declarat
798 2153 928 2218 verbis:
958 2157 1065 2218 Haec
1095 2162 1162 2220 est
1191 2163 1325 2218 autem

128 2264 212 2322 nita
233 2267 430 2323 aeterna:
455 2261 505 2325 Ut
524 2269 778 2339 eopooaoont
797 2272 850 2334 te,
873 2263 1000 2323 solum
1022 2268 1143 2323 Deum
1164 2282 1324 2341 oerum,

124 2376 294 2447 ecquem
315 2369 616 2430 misistiJesum
641 2368 1124 2448 Otristom³);etposteum
1146 2367 1324 2450 Aposto-

124 2468 193 2532 lus
212 2470 345 2534 eandem
354 2468 567 2535 conditionem
583 2490 658 2533 esse
677 2467 790 2544 tradit,
814 2467 883 2532 sine
902 2470 1043 2554 quaDeo
1059 2470 1212 2560 conjungi
1235 2492 1324 2556 pror·

129 2573 450 2659 sus-nonpossimus,
474 2574 645 2640 scribens:
668 2574 768 2638 Sine
784 2579 881 2655 fide
902 2588 1040 2640 autem
1061 2581 1326 2659 impossibile

126 2684 384 2762 estptaoere
409 2682 502 2743 Deo.
534 2680 720 2743 Credere
741 2684 850 2742 enim
872 2689 1036 2762 oportet
1064 2683 1326 2747 accedentem

125 2791 176 2848 ad
194 2786 341 2867 Deum,
371 2789 475 2868 quia
503 2791 577 2861 est,
607 2792 646 2847 et
673 2788 993 2873 inqutprenttdus
1014 2808 1059 2850 se
1085 2807 1327 2852 remunera-

130 2898 192 2952 tor
212 2895 250 2952 εἰ
259 2902 271 2953 ι
291 2889 330 2974 ⁴).

209 2979 333 3059 Omnes
358 2993 464 3080 itaque
492 3011 623 3079 operam
645 2991 896 3058 institutionibus
917 2992 1009 3058 bisce
1031 2991 1277 3079 impendamus,
1301 2996 1344 3062 in

129 3097 262 3181 quibus,
284 3109 320 3163 ut
332 3099 440 3164 verbis
456 3099 615 3164 Lactantli
637 3109 776 3172 utamur,
797 3119 861 3163 non
879 3107 919 3162 tte
939 3099 1110 3163 stillicidiis
1114 3144 1128 3180 ,
1151 3111 1210 3181 aot
1234 3107 1352 3185 aquis

127 3206 293 3285 arcendis,
322 3213 380 3268 out
403 3207 443 3268 de
472 3226 568 3268 mono
590 3213 786 3270 conserenda
795 3247 809 3286 ,
830 3205 890 3268 sed
913 3205 957 3266 de
985 3213 1067 3267 Deo
1088 3206 1274 3288 loquimur5
1296 3235 1366 3257 -κ

126 3315 166 3384 (a
191 3313 275 3395 quo)
303 3311 440 3373 mundus
464 3316 576 3391 sactus
610 3316 678 3390 eet,
707 3318 743 3372 ut
767 3328 955 3374 nascamur:
984 3311 1055 3374 ideo
1084 3313 1270 3389 notamur,
1293 3335 1317 3377 u
1333 3323 1366 3370 A

125 3434 422 3494 ooqnoscamua
438 3421 640 3496 foetorem
662 3416 824 3490 mundi,
848 3437 892 3478 ao
913 3416 1044 3478 nostri
1074 3414 1218 3478 Deum:
1239 3420 1366 3483 idea

127 3522 411 3598 (synonimus,
433 3512 475 3582 ot
495 3524 703 3586 colamus:
724 3523 816 3584 ideo
836 3527 1027 3597 colimus,
1059 3528 1104 3585 ut
1123 3524 1366 3588 immorta-

126 3623 289 3687 litatem
323 3646 399 3707 pro
441 3629 625 3690 mercede
659 3629 850 3690 laborum
889 3631 1115 3708 capiamus.
1148 3660 1188 3673 —-
1221 3629 1366 3693 Haeo

125 3745 286 3790 summo
315 3749 458 3792 rerum
487 3733 671 3812 est,'hoo
706 3752 913 3794 areanum
940 3735 1038 3812 Det,
1070 3734 1144 3795 too
1173 3739 1366 3812 myste‘

127 3837 234 3896 rium
254 3836 394 3896 mundi
414 3837 457 3915 ὅ).
480 3835 710 3900 Verumtamen
724 3824 790 3902 ¹una
804 3856 865 3899 nos
882 3836 997 3900 mundo
1017 3834 1215 3910 abdicemus,
1238 3847 1366 3923 atqu&

127 3934 256 4022 puritati
273 3936 382 4002 cordis
409 3935 566 4024 imprimis
592 3940 760 4007 studentes
785 3938 856 4005 Deo
882 3937 1048 4016 vivamus,
1070 3950 1106 4004 ut
1121 3944 1264 4008 fructum
1283 3962 1362 4007 exr

125 4128 393 4150 m

163 4212 187 4276 Ι)
204 4200 291 4272 soro.
311 4215 352 4268 tn.
369 4215 441 4282 opp.
460 4216 503 4269 ea.
520 4214 679 4270 amstelod.
701 4219 775 4271 roae.
794 4218 826 4271 r.
840 4221 867 4273 a.
886 4214 989 4288 pinna.
1009 4213 1051 4271 cr.
1063 4217 1115 4277 m.
1133 4217 1177 4270 to.
1192 4229 1222 4284 p.
1240 4219 1305 4274 aas.

79 4292 80 4296 ’
162 4295 188 4365 ²)
205 4303 272 4370 Sap.
289 4306 329 4368 ta,
346 4310 373 4359 3.

159 4383 184 4456 ³)
203 4395 286 4449 Joan.
304 4397 346 4460 17,
361 4401 388 4451 3.

159 4477 185 4543 ⁴)
202 4481 291 4539 usur.
310 4489 351 4550 1³,
367 4489 395 4541 o.

160 4563 185 4636 ⁵>
202 4576 265 4630 aas.
283 4578 367 4632 tmrn.
384 4581 404 4631 1.
424 4579 448 4635 1.
466 4592 492 4633 c.
510 4579 536 4631 1.
553 4583 573 4634 ι.
591 4582 620 4634 7.
636 4592 663 4637 a
682 4580 711 4637 o.
729 4584 800 4656 opp.
819 4587 851 4644 r.
870 4590 895 4645 ι.
912 4589 940 4658 p.
957 4577 1054 4647 ted.
1121 4595 1138 4616 ⁶
