2926 5168
153 189 217 285 lli

154 340 217 406 Alii
240 340 368 405 tandem
390 339 473 402 hanc
505 336 798 405 denominationem
823 339 1033 406 derivandam
1063 357 1139 402 esse
1166 350 1308 407 censent
1329 361 1368 410 ex

154 446 227 531 ipsa
247 443 466 514 revelatione3
489 464 585 528 quum
607 442 755 507 nimirum
782 443 927 508 Joannes
958 443 990 507 in
1012 444 1210 533 Apocalypsi
1240 456 1367 521 narret,

156 549 219 615 sihi
242 548 410 613 Christum
423 547 598 614 Dominum
619 548 652 612 in
677 549 813 626 visione,
838 571 932 636 quam
948 551 1116 628 habuerat,
1139 571 1214 616 cum
1238 549 1366 616 nomine

149 660 258 724 vhocce
282 655 381 720 fronti
402 653 560 741 inscripto
584 656 775 740 adparuisse
800 655 837 742 ¹).
860 654 1020 743 Quidquid
1043 668 1152 722 autem
1174 655 1237 734 sit,
1259 669 1367 739 etun·

156 766 323 850 docunque
346 763 473 827 demum
497 764 643 828 Joannes
665 764 748 827 hanc
770 759 1018 846 adpellatinnem
1040 762 1223 846 repetierit:
1248 763 1283 827 id
1302 783 1367 828 cer·

156 882 222 934 turn
245 880 307 944 est,
331 888 404 931 eum
427 868 466 932 de
488 869 578 953 Λόγῳ
600 868 675 933 talia
697 866 898 954 praedicare,
923 888 1003 953 quae
1026 854 1060 932 in
1080 866 1241 936 neminem
1261 868 1368 958 alium,

156 997 251 1064 quam
272 983 376 1039 Deum
399 994 515 1037 verum
538 975 663 1041 cadunt.
685 973 815 1040 Etenim

241 1087 268 1151 1.
291 1101 364 1144 cum
387 1077 481 1155 dicit,
512 1076 615 1162 Λόγον
645 1083 674 1142 ἐν
702 1077 778 1164 ἀρχῇ
800 1076 989 1154 exstitisse,
1013 1081 1105 1165 ejus
1128 1082 1368 1149 aeternita·

158 1200 239 1253 tem
262 1184 462 1252 adstruit.
484 1185 570 1251 Nam
605 1181 679 1270 cippi
710 1185 762 1250 hic
785 1185 846 1252 loci
867 1184 996 1251 nonnisi
1016 1207 1076 1272 pro
1098 1186 1185 1251 serie
1210 1186 1366 1255 orationis

156 1303 311 1359 contexta
339 1302 395 1355 aut
425 1302 521 1355 sonat
546 1291 670 1355 initium
701 1289 923 1368 aeternitatis,
952 1290 1048 1355 modo
1079 1291 1219 1357 humano
1251 1313 1364 1358 couce-

156 1410 254 1485 ptum,
279 1417 341 1483 quo
359 1416 460 1460 sensu
477 1394 593 1460 dicitur
602 1395 695 1459 Deus
718 1419 738 1456 a
757 1400 974 1476 pr·inctpio
996 1393 1142 1459 existere
1164 1397 1203 1483 ²),
1228 1410 1262 1462 et
1278 1399 1362 1465 Mes·

158 1505 227 1569 siae
250 1520 495 1590 egressusesse
513 1506 560 1562 ad
588 1503 727 1572 initio,
750 1522 771 1562 a
793 1501 946 1562 diebus
968 1506 1254 1566 aeternitatis
1277 1509 1318 1585 8),
1340 1513 1367 1567 et

155 1621 232 1674 tunc
254 1612 284 1671 ἐν
305 1604 381 1690 ἀργῇ
402 1605 488 1669 idem
511 1614 580 1678 est,
605 1623 643 1668 ac
666 1611 706 1666 ab
729 1612 883 1684 aeterno,·
907 1616 962 1668 aut
983 1625 1063 1670 vero
1093 1606 1261 1695 significat
1298 1605 1365 1692 cipp}

154 1713 279 1779 initium
301 1732 411 1777 rerum
433 1710 662 1785 creandarum,
687 1731 748 1795 quo
772 1731 871 1775 sensu
894 1711 1030 1776 sumitur
1051 1713 1084 1778 in
1108 1715 1181 1779 loco
1205 1714 1280 1790 illo,
1306 1737 1362 1803 quo

160 1817 328 1903 Sapientia
351 1815 460 1885 divina
484 1815 619 1900 loquens
641 1815 688 1878 ita
709 1814 889 1881 inducitur:
912 1820 1072 1882 Dominus
1089 1822 1239 1903 possedit
1257 1843 1310 1886 mc
1331 1827 1367 1885 in

161 1929 286 1987 initio
318 1927 443 1985 viarum
476 1941 629 2002 suarum,
653 1929 823 2002 antequam
845 1925 1019 2006 quidquam
1036 1927 1183 2000 faceret,
1206 1948 1228 1989 a
1244 1931 1321 2008 pri
1333 1949 1366 1990 n-

158 2032 283 2108 cipio,
310 2029 369 2090 At
398 2038 577 2090 aeterno
606 2028 753 2088 ordinata
780 2048 868 2103 sum,
897 2034 930 2090 et
955 2049 999 2091 es:
1021 2032 1178 2112 sanquis,
1201 2038 1368 2116 antequam

158 2143 247 2197 terro
267 2137 361 2214 fieret
381 2139 421 2208 ⁴).
445 2131 481 2195 ln
510 2129 686 2215 posteriori
716 2150 795 2195 casu
826 2133 856 2192 ἐν
886 2127 962 2215 ἀρχῇ
983 2152 1065 2220 ergo
1096 2134 1182 2198 valet
1203 2134 1318 2212 idem,
1337 2155 1368 2200 ac

157 2237 342 2304 hebraicum
365 2225 573 2335 ntpjpffi,
589 2256 652 2320 quo
673 2234 843 2300 inchoatur
865 2235 944 2301 liber
970 2232 1162 2313 Geneseos,
1193 2260 1315 2327 nempe
1343 2241 1368 2309 in

158 2391 336 2480 principio,
360 2412 431 2454 curn
451 2388 592 2455 creanda
611 2399 723 2453 essent
738 2390 864 2454 coelum
884 2402 917 2453 et
931 2403 1042 2469 terra,
1065 2393 1135 2458 sive
1151 2403 1229 2457 ante
1252 2393 1368 2459 consti·

158 2498 313 2563 tutionem
335 2495 464 2580 mundi3
487 2517 549 2581 qua
572 2493 682 2579 phrasi
708 2506 816 2560 autem
840 2494 872 2558 in
895 2496 958 2560 SS.
981 2496 1119 2562 Litteris
1135 2509 1328 2564 constanter
1345 2498 1371 2566 id

159 2605 279 2686 ipsum,
303 2602 429 2667 scilicet
447 2605 486 2664 οό
506 2608 635 2664 aeterno
654 2599 866 2686 exprimitur3
890 2603 1159 2689 quandoquidem
1181 2614 1258 2667 aute
1287 2625 1371 2669 mun*

159 2710 234 2773 dum
250 2707 425 2782 conditum,
445 2727 504 2771 seu
520 2718 593 2771 ante
611 2717 740 2791 tempus
757 2705 940 2772 inchoatum
953 2708 1016 2783 nil,
1038 2708 1101 2772 nisi
1120 2709 1306 2774 aeternitas
1324 2730 1381 2775 ex·

159 2815 249 2879 stitit.
282 2815 500 2898 Quaecunque
527 2812 634 2897 itaque
663 2813 777 2876 harum
809 2814 976 2877 ambarum
1006 2815 1187 2900 explicandi
1211 2816 1389 2882 rationum

160 2921 315 3008 eligatur:
338 2940 455 2984 sensus
478 2939 609 3004 semper
629 2918 715 2982 idem
730 2930 792 2995 est,
811 2917 959 2984 nimirum
974 2917 1073 3004 Λόγον
1093 2921 1168 2986 inde
1185 2922 1228 2986 ab
1240 2934 1397 2988 aeterno

161 3026 343 3092 exstitisse.
367 3063 408 3074 —-
431 3027 560 3090 Sensus
576 3038 701 3099 autem,
725 3045 819 3110 quem
837 3025 940 3089 verbo
957 3028 986 3088 ἐν
1005 3024 1081 3111 ἀργῇ
1104 3026 1274 3094 Sociniani
1307 3031 1416 3095 suh‘

156 3133 288 3220 ficiunt,
312 3152 351 3196 ac
373 3131 401 3195 si
423 3131 575 3196 videlicet
598 3130 810 3218 Evangelista
833 3132 873 3194 de
894 3130 986 3194 initio
1008 3132 1186 3216 praedicati
1200 3124 1428 3224 Evangelii

160 3240 329 3323 loquatur,
352 3236 491 3324 frigidus
521 3247 592 3317 est,
625 3246 720 3320 atque
757 3256 831 3300 curn
871 3236 1025 3301 orationis
1055 3249 1209 3305 contextu
1241 3253 1434 3330 pugnata⁴

160 3339 376 3431 Evangelista
408 3341 492 3406 enim
524 3362 543 3404 a
572 3339 737 3405 creatione
770 3341 878 3405 mundi
908 3341 1093 3418 exorditur,
1122 3342 1239 3409 deinde
1271 3345 1373 3414 Verh
1397 3329 1438 3403 Ξ

160 3449 332 3515 inmundo
365 3447 599 3531 adparitionem
630 3458 878 3532 commemorat,
901 3458 935 3511 et
955 3459 1022 3512 tum
1045 3450 1172 3514 demum
1194 3450 1236 3513 ad
1259 3471 1379 3520 ennar·
1416 3468 1442 3485 ⁴

162 3557 296 3619 randum
320 3574 435 3617 munus
456 3552 658 3617 Messianum
681 3564 832 3637 coeptum
852 3552 989 3640 transit3
1011 3565 1047 3618 ut
1068 3565 1233 3620 taceamus
1246 3555 1404 3623 desunt
1436 3587 1444 3614 ν

163 3660 208 3724 uti
237 3661 352 3723 saltem
378 3661 482 3739 ipsum
508 3657 569 3721 sihi
592 3656 757 3723 Sociniani
777 3659 939 3746 cogitant,
960 3659 1050 3725 initio
1070 3658 1249 3745 praedicati
1265 3661 1364 3726 Evan
1411 3679 1445 3695 ‘

164 3765 240 3852 gelii
259 3765 343 3849 apud
382 3762 530 3827 homines
571 3762 694 3839 luisse,
728 3764 919 3848 Apostolum
960 3785 1039 3830 vero
1061 3763 1220 3841 scrihere,
1242 3771 1280 3830 in
1315 3772 1448 3831 ini?

163 3877 206 3934 tio
223 3871 368 3934 Verbum
383 3867 488 3933 ⁴fuisse
507 3870 592 3954 apud
610 3870 727 3935 Deum.

247 3980 277 4041 2.
300 3979 403 4039 Porro
420 3974 542 4039 diserte
557 3977 657 4059 Λόγον
682 3977 813 4040 Deum
835 3978 909 4062 adp
922 3976 1029 4041 ellat
1043 3976 1270 4066 Evangelista.
1291 3977 1448 4043 Nara]

164 4083 260 4164 Λόγον
272 4079 303 4144 in
317 4079 584 4147 tertiocommate
594 4081 748 4148 versiculi
760 4081 1043 4171 primisuhjectum
1054 4081 1211 4151 orationis
1220 4103 1313 4168 esse,
1323 4085 1451 4151 defi·

199 4318 223 4378 ¹)
242 4317 330 4381 Apoo.
351 4318 392 4378 19,
411 4317 522 4370 ta-ra.

198 4399 223 4466 ²)
240 4404 315 4458 Hah.
338 4408 362 4470 1,
382 4408 423 4457 12.
441 4407 487 4459 ds.
506 4407 548 4468 113,
568 4407 611 4460 13.

198 4489 224 4556 3)
243 4495 330 4548 Mieh.
349 4498 375 4560 ὅ,
392 4500 419 4549 2.

197 4583 224 4646 t)
243 4586 327 4638 Prov.
346 4589 372 4647 8,
390 4588 500 4640 22-23.
