2926 5168
369 427 397 509 §-
421 423 486 494 aa.
510 422 654 497 Filius
686 443 715 494 a
737 426 875 494 Patre
898 423 1093 511 genitus.

210 591 345 658 Filius
366 594 571 678 procedit
592 614 611 659 a
631 594 775 670 Patre,
798 594 970 679 etquidem
993 617 1070 682 per
1100 599 1337 685 generatio·

130 719 233 774 uero,
257 720 403 786 eamque,
425 710 459 764 ut
475 720 534 785 per
548 721 585 765 se
601 698 805 787 intelligitur,
831 709 1007 776 aeternam,
1029 701 1075 766 ita
1091 715 1124 768 ut
1141 705 1240 770 Pater
1256 726 1337 770 sem·

131 826 206 892 per,
230 805 352 891 absque
370 804 459 871 initio
474 826 513 871 ac
528 805 592 871 fine
615 805 658 869 sit
687 825 863 893 generans,
886 803 1049 893 Piliusque
1064 829 1216 884 nascens,
1239 823 1334 898 atqua

130 912 294 976 nascendo
313 910 446 985 existat,
470 923 503 976 et
521 909 693 976 existendo
715 921 877 975 nascatur.
899 911 1006 977 Porro
1026 914 1174 998 procedit
1197 915 1298 981 Filius
1321 940 1339 981 a

127 1015 242 1092 Patre,
265 1027 300 1080 ut
315 1017 355 1081 ab
371 1016 425 1081 illo
441 1015 578 1102 accipiat
602 1014 837 1102 proprietatem
862 1017 1088 1101 personalem,
1120 1040 1235 1105 nempe
1261 1020 1337 1086 lilia·

128 1120 248 1187 tionem
262 1143 322 1208 per
338 1122 580 1207 productionem
600 1143 659 1186 seu
676 1119 940 1210 generationem,
964 1123 1139 1189 essentiam
1166 1136 1273 1192 autem
1296 1125 1338 1191 di·

128 1228 235 1294 vinam
257 1249 315 1313 per
338 1227 679 1302 communicationem
707 1248 789 1313 quae
817 1227 942 1313 quidem
980 1227 1123 1294 essentia
1150 1231 1338 1297 necessario

131 1333 235 1423 exigit
249 1332 480 1399 communicari
495 1331 597 1408 Filio,
621 1332 714 1419 eique
733 1331 934 1399 identificarl.
958 1332 1067 1413 Quare
1104 1336 1249 1402 essentia
1278 1356 1338 1401 seu

128 1451 242 1505 natura
253 1438 359 1504 divina
376 1438 489 1515 etiam,
518 1450 553 1502 ut
571 1450 622 1503 est
643 1438 674 1503 in
701 1437 802 1512 Filio,
825 1438 910 1502 haud
939 1450 990 1504 eat
1004 1441 1182 1524 producta,
1204 1442 1262 1506 sed
1279 1463 1338 1507 ens

128 1567 220 1622 ase,
249 1557 283 1610 et
311 1545 412 1610 Filius
442 1557 531 1612 tanta
557 1545 755 1611 necessitate
781 1544 910 1610 interna
947 1566 1026 1610 auae
1048 1556 1184 1611 naturae
1213 1546 1337 1620 existit,

129 1663 247 1740 quanta
263 1651 382 1732 Pater,
406 1662 500 1736 atqua
517 1662 606 1715 tanta
635 1649 832 1716 necessitate
855 1650 954 1715 habet
978 1649 1197 1728 divinitatem,
1221 1663 1339 1738 quanta

127 1758 235 1825 Pater.
257 1757 341 1821 Nam
364 1756 434 1842 ipsa
458 1755 600 1821 essentia
629 1754 822 1820 divinatam
854 1754 1011 1842 postulat,
1034 1774 1109 1820 esse
1139 1755 1170 1821 in
1196 1756 1277 1823 Filio
1306 1768 1339 1822 et

130 1861 252 1948 Spiritu
277 1862 321 1934 8.,
345 1882 439 1948 quam
458 1881 534 1926 esse
555 1859 586 1926 in
603 1860 825 1947 Patremque
844 1872 909 1925 tam
924 1880 1063 1926 necesse
1081 1871 1143 1935 est,
1165 1861 1281 1927 Filium
1307 1873 1340 1926 ct

129 1964 286 2053 Spiritum
303 1966 338 2030 S.
361 1985 437 2030 esse
455 1972 579 2042 Deum,
602 1987 696 2053 quam
714 1986 852 2031 necesse
869 1977 935 2040 est,
957 1965 1090 2031 Patrem
1105 1987 1183 2031 esse
1202 1967 1318 2032 Deum.

211 2069 310 2158 (ligni
327 2080 434 2134 autem
447 2066 562 2135 Filium
584 2090 603 2134 a
621 2070 739 2152 Patre,

251 2178 289 2239 Α.
315 2176 438 2241 docent
459 2176 523 2239 SS.
549 2174 767 2246 Litterae;
789 2195 861 2240 nam

212 2285 239 2348 1.
260 2301 325 2346 non
345 2292 468 2345 tantum
484 2280 633 2346 tradunt:
944 2262 947 2270 ¹

170 2407 196 2449 a
218 2382 369 2450 Filium
392 2405 412 2448 a
432 2382 557 2451 Patre
579 2406 688 2450 esse.
711 2392 781 2463 Epo
803 2391 887 2462 scio,
911 2390 957 2450 ait
986 2384 1204 2460 Christus,
1245 2407 1337 2450 eom:

129 2495 204 2574 quia
230 2498 279 2554 at
314 2495 409 2571 ipso
437 2512 551 2573 sum,
574 2499 608 2554 et
626 2496 695 2572 ipss
716 2512 766 2554 me
787 2494 875 2555 misit
895 2497 935 2568 ¹).

168 2594 198 2658 h.
220 2595 249 2659 Α
270 2594 399 2659 Patre
428 2593 653 2673 habereris
682 2615 820 2659 essen
851 2615 903 2659 se.
926 2594 1020 2659 &sut
1050 2600 1134 2658 enim
1164 2596 1262 2661 Pater
1279 2597 1335 2660 Ιια-

124 2701 291 2763 detritam
306 2704 541 2781 internetipso:
561 2704 608 2763 aie
630 2702 745 2764 dedit
765 2708 802 2762 et
820 2700 935 2764 Filio
954 2701 1114 2764 tatere
1140 2706 1273 2766 vitam
1292 2707 1337 2764 in

124 2811 357 2888 semetipso
380 2806 419 2892 ²).
440 2806 533 2870 Unde
570 2816 603 2869 et
639 2803 739 2871 Pater
768 2804 885 2871 dicitur
917 2824 1012 2871 omne
1040 2802 1195 2890 judicium
1225 2811 1255 2872 ei
1286 2806 1338 2870 de·

124 2909 216 2976 disse
232 2910 269 2996 ³),
301 2930 400 2997 opera
425 2911 487 2996 ipsi
522 2911 750 2977 demonstrare
773 2917 801 2992 ⁴)
835 2930 1025 2997 omnemque
1053 2911 1228 2979 tradidisse
1249 2922 1338 2997 pote·

124 3027 247 3081 statem
270 3017 304 3101 ⁶).

168 3142 196 3186 c.
218 3124 246 3186 Α
267 3121 397 3186 Patre
420 3121 706 3207 processisse
727 3142 776 3189 ac
797 3121 970 3187 missum
1003 3143 1121 3198 esse,
1148 3133 1181 3187 et
1213 3121 1340 3207 quidem

118 3246 188 3314 qua
206 3227 329 3301 Deum,
352 3227 383 3292 in
411 3247 506 3314 quem
534 3227 645 3293 missio
683 3247 741 3313 per
771 3225 958 3313 imperium,
988 3240 1043 3294 aut
1069 3225 1255 3301 consilium,
1285 3238 1341 3290 aut

119 3333 221 3422 plane
251 3332 405 3418 impetum
431 3353 631 3420 nequaquam
656 3330 762 3407 cadit,
792 3333 850 3397 aed
880 3332 1008 3398 nonnisi
1034 3355 1091 3409 ea,
1115 3353 1197 3419 quae
1211 3342 1270 3418 est
1280 3352 1340 3418 per

124 3437 394 3524 processionem,
418 3448 575 3524 quatenus
597 3435 723 3522 scilicet
737 3435 837 3501 Filius
853 3448 886 3501 et
911 3436 973 3504 hoc
999 3438 1096 3504 habet
1123 3458 1142 3502 a
1163 3435 1284 3511 Patre,
1305 3447 1342 3501 ut
1445 3438 1456 3466 l

124 3542 229 3608 homo
244 3540 349 3608 factus
364 3542 397 3607 in
407 3541 557 3607 mundum
577 3541 713 3608 venerit.
736 3550 822 3622 Ego
844 3547 927 3606 enim
949 3566 1003 3608 en
1024 3545 1110 3608 Deo
1128 3545 1340 3624 processi.

123 3657 160 3712 at
189 3655 285 3727 vent,
312 3667 439 3731 neque
468 3652 551 3709 enim
579 3669 600 3708 a
629 3666 686 3710 me
717 3652 810 3726 ipso
841 3652 962 3721 veni,
991 3655 1063 3710 sed
1092 3649 1172 3711 itte
1193 3666 1252 3710 ros
1274 3650 1342 3709 mi·

115 3755 242 3832 ow).
263 3753 396 3816 Enisa·
417 3775 437 3814 a
458 3755 606 3825 Patre,
630 3755 804 3816 etveniin
830 3746 984 3816 temdum
1013 3759 1053 3828 ⁷).
1085 3751 1148 3817 Et:
1184 3752 1248 3827 Oui
1277 3772 1342 3815 oon

120 3970 390 3989 m

159 4051 187 4118 ¹)
204 4053 289 4106 Joan.
309 4056 335 4116 7,
353 4056 397 4108 29.

159 4137 187 4206 ²)
205 4143 290 4198 Joan.
308 4146 335 4205 t,
353 4145 396 4196 2⁰.

159 4227 187 4294 ³)
205 4233 290 4284 duan.
307 4234 334 4295 ὅ,
351 4234 396 4287 22.

159 4317 188 4383 ⁴)
207 4320 290 4373 doun.
311 4322 337 4380 t,
353 4322 396 4372 20.
417 4322 460 4372 36.
565 4320 571 4330 ’

161 4408 188 4478 ⁵)
205 4409 306 4460 Matth.
323 4410 367 4473 28,
387 4411 428 4462 ts.

161 4496 188 4562 ⁶)
207 4500 290 4551 Joao.
310 4500 336 4560 8,
354 4499 399 4552 22.
418 4498 460 4553 cf.
481 4503 522 4562 13,
539 4503 566 4554 3.

163 4587 190 4654 ⁷)
208 4590 293 4642 Joan.
313 4589 355 4648 lt,
370 4589 413 4640 28.
