2926 5168
780 122 799 163 a

176 222 242 287 lbi

175 371 465 456 Augustinus:
490 370 572 445 Quis
587 391 662 449 erpo
676 372 838 432 nominum
849 377 956 450 poteet
975 376 1072 435 ictam
1087 363 1300 451 sapientiam,
1323 388 1388 452 pua

173 478 361 538 nocitDeuo
376 484 502 554 omnia,
525 481 571 537 ita
588 483 624 537 ut
642 495 717 537 nec
735 496 804 555 ea,
822 496 926 555 quae
946 477 1150 538 dicuntur
1170 480 1385 557 praeteri-

175 590 236 662 ta,
259 585 317 643 ibi
336 589 636 662 praetereant,
659 601 731 643 nec
753 601 824 659 ea,
847 601 955 664 qnae
976 583 1387 656 dicun-turfutura,

174 692 302 770 quari
324 689 483 769 desint,
507 694 800 765 expectentur,
822 694 867 749 ut
884 691 1078 758 caniani,
1100 686 1181 746 aad
1199 691 1389 763 etprae-

175 800 331 865 terita‚
376 803 417 853 et
452 797 606 871 sutura
637 813 723 854 cum
753 793 1068 874 praesentibus
1108 794 1199 852 sint
1232 796 1389 853 cuncta

173 903 459 978 praesentia,-
481 918 559 959 nec
578 898 759 976 oiapula
781 901 1050 974 copitcntur,
1071 902 1115 956 et
1132 897 1180 956 ab
1206 896 1312 956 aliie
1339 899 1390 955 ab

175 1008 266 1065 otia
301 1005 527 1080 copitundo
564 1009 837 1077 transeatur,
869 1004 938 1064 ced
968 1009 1008 1063 in
1036 1020 1120 1063 uno
1161 1007 1390 1078 conspectu

176 1110 308 1168 bionul
335 1115 512 1187 praesto
542 1111 634 1167 rint
662 1113 896 1169 univerae:
928 1112 1034 1188 quie,
1056 1106 1390 1188 inquamnondum

176 1216 412 1293 cornpreleeudit
434 1219 528 1275 iotam
554 1216 763 1290 sapientiam,
791 1221 990 1294 eandemque
1014 1216 1216 1290 prudentiane
1223 1230 1241 1291 ,⁰
1263 1209 1391 1291 wando

178 1321 304 1397 quidem
332 1341 354 1378 a
378 1323 471 1379 nobis
500 1338 560 1380 nec
588 1324 702 1379 nostra
732 1321 1009 1397 comprehenditur
1034 1317 1152 1399 1)1-
1173 1311 1278 1378 Alibi:
1317 1311 1392 1388 Qui

177 1444 256 1484 non
277 1433 338 1484 ert
357 1429 592 1500 praeocino
614 1426 790 1484 bmnium
808 1428 1079 1502 futurorum,
1100 1441 1183 1484 non
1213 1429 1280 1481 act
1305 1419 1390 1478 uti-

181 1549 260 1611 ·qne
281 1529 395 1590 Deus
416 1530 452 1609 2).
476 1526 521 1591 Et
541 1526 674 1590 iterum:
698 1529 739 1588 In
767 1548 832 1609 qua
862 1527 1039 1611 [Sapientia
1073 1531 1197 1600 divina)
1228 1533 1311 1585 eunt
1329 1527 1391 1583 im-

177 1638 284 1695 mensi
301 1636 431 1712 puidam
442 1640 537 1715 atque
550 1637 666 1713 infiniti
687 1638 829 1694 thesauri
848 1653 958 1695 rarum
977 1633 1237 1709 intellipibitium,
1259 1631 1295 1690 in
1314 1630 1392 1710 qui·

179 1742 241 1800 bac
261 1746 338 1800 cunt
359 1759 468 1800 ancaeo
488 1739 667 1799 invisibiles
689 1744 782 1817 atque
804 1737 1078 1800 incommutabiles
1098 1740 1241 1798 ritum
1262 1750 1394 1803 rorum,

181 1849 279 1906 etiam
298 1844 469 1904 visibilium
492 1850 524 1904 et
543 1843 753 1915 mutabilium,
777 1863 861 1923 puae
880 1863 939 1920 per
948 1846 1052 1920 ipram
1069 1846 1182 1922 sactae
1203 1833 1394 1911 32111.οω-

177 1953 270 2010 niam
292 1950 382 2009 lieno
403 1969 469 2009 non
490 1949 616 2029 aliquid
634 1951 783 2009 nesciens
790 1950 885 2023 fecit,
908 1950 994 2028 quod
1001 1968 1062 2009 nec
1072 1953 1112 2008 de
1121 1944 1395 2028 quolibetttomiue

182 2057 306 2134 artifice
327 2060 411 2115 recte
433 2057 496 2114 dici
520 2059 645 2132 potest:
664 2072 762 2131 porro
783 2057 814 2114 ai
834 2060 943 2114 sciens
960 2055 1043 2132 fecit
1062 2057 1183 2124 omnio,
1216 2069 1257 2111 ea
1286 2050 1395 2128 utiquc

178 2162 281 2238 fecit,
305 2179 416 2240 quae
438 2164 628 2219 noverat.
651 2164 710 2220 Ea
732 2178 794 2239 quo
816 2162 957 2220 occurrit
977 2161 1082 2220 animo
1097 2158 1248 2239 quiddam
1261 2157 1395 2222 »mirum

181 2265 242 2325 ced
261 2274 367 2325 tomen
388 2282 516 2334 oerum,
541 2271 627 2342 puod
646 2268 706 2323 iote
729 2271 873 2324 mundae
893 2267 985 2324 nobis
1005 2269 1102 2324 notuo
1124 2281 1196 2322 esee
1227 2278 1295 2322 uon
1315 2277 1394 2339 poe-

183 2374 249 2441 eet,
271 2371 337 2428 nisi
358 2375 463 2446 esaet5
485 2375 566 2431 Deo
597 2374 720 2441 autem,
751 2373 839 2429 niei
870 2375 1000 2430 natue
1025 2386 1108 2428 non
1136 2370 1272 2438 earet,
1303 2381 1396 2425 eece

183 2493 267 2534 non
284 2479 434 2553 posset
452 2469 491 2554 ³).
514 2507 552 2519 -
576 2473 673 2535 Mar.
696 2471 970 2535 Victorinus:
993 2473 1039 2534 lu
1066 2470 1279 2554 quidquid
1298 2477 1396 2530 tem·

183 2598 285 2656 pora
321 2580 516 2649 volvunt,
545 2597 767 2656 praeiens
800 2597 964 2654 semper
992 2578 1127 2638 labet
1157 2574 1197 2660 ⁴).
1221 2608 1262 2620 -
1291 2572 1396 2657 Atque

183 2681 339 2744 Petrus
368 2680 612 2743 Damianus:
642 2682 866 2760 Estplane
885 2689 972 2743 ciant
1001 2689 1269 2744 coaeternum
1288 2680 1395 2741 omnia

182 2808 296 2870 posse,
329 2791 376 2848 sic
406 2794 438 2847 et
467 2793 599 2848 omnia
629 2807 751 2848 nocco
778 2790 923 2866 idemque
953 2807 1080 2866 semper
1101 2793 1253 2848 eniatere.
1283 2787 1325 2846 In
1346 2784 1398 2846 illo

184 2899 294 2973 itaque
315 2911 557 2953 cummorerum
579 2891 712 2952 cardine
732 2899 925 2954 naturarum
939 2897 1078 2956 omnium
1090 2895 1175 2970 jura
1191 2897 1398 2968 diepenaam,

189 3006 235 3060 iic
258 3003 395 3060 omnia
416 3004 619 3075 tempora,
637 3001 879 3076 praeterita
900 3002 1061 3068 videlicet,
1081 2993 1340 3077 praesentia,
1364 2999 1400 3054 et

185 3086 342 3180 futur'a
361 3107 476 3165 intra
497 3123 603 3164 onae
620 3106 900 3180 provisiouio
921 3123 1082 3165 arcuna
1102 3101 1399 3178 complectitur,

188 3214 227 3268 ut
253 3228 315 3268 nec
354 3227 470 3268 novum
503 3209 628 3289 aliquid
653 3212 716 3270 sibi
740 3212 870 3287 penitus
902 3211 1051 3280 accedat,
1073 3226 1135 3267 uec
1149 3206 1284 3283 aliquid
1305 3208 1347 3265 ab
1366 3223 1400 3264 eo

186 3334 249 3392 per
271 3332 390 3374 cursus
411 3319 568 3374 momenta
599 3321 754 3390 recedat,·
784 3314 846 3374 eod
869 3332 943 3375 neo
976 3301 1168 3374 dioecete
1188 3311 1401 3373 obtutibus

194 3424 366 3480 diuersa
395 3421 664 3493 considerat,
693 3428 738 3481 ut
766 3439 854 3481 cum
883 3420 1084 3479 intendit
1111 3418 1401 3495 praeteritio,

191 3531 309 3587 vacet
328 3546 348 3586 a
367 3530 684 3604 praecentibus,
717 3532 783 3586 oet
806 3528 994 3605 futuris,
1024 3517 1090 3584 ael
1122 3541 1285 3584 rureue
1313 3537 1402 3582 cum

190 3736 475 3752 m

228 3868 252 3937 ἲ)
273 3875 312 3922 De
332 3872 425 3922 Trintt.
455 3872 473 3918 t.
505 3872 553 3920 15.
580 3883 606 3922 c.
635 3870 660 3918 l.
686 3884 712 3920 n.
740 3869 788 3919 13.
816 3867 885 3934 Opp.
911 3864 945 3917 Τ.
963 3870 987 3919 8.
1009 3876 1034 3922 c.
1053 3867 1114 3922 975.
1132 3865 1173 3921 (il.
1192 3882 1217 3918 a.
1238 3868 1364 3919 13-14.
1382 3875 1404 3918 c.

192 3964 245 4015 983
263 3970 287 4012 e.
997 3989 1000 3994 -

229 4050 254 4118 ²)
274 4056 316 4103 De
335 4056 386 4104 cio.
406 4056 442 4103 D.
460 4058 480 4103 1.
501 4056 528 4102 5.
549 4066 575 4104 a.
596 4054 623 4100 9.
643 4067 668 4101 u.
687 4054 717 4100 4.
736 4047 767 4100 ’1.
785 4051 810 4100 7.
830 4061 854 4099 ο.
875 4049 934 4101 121.
952 4050 987 4099 D.

227 4133 258 4205 i)
275 4146 318 4194 oe
338 4145 391 4194 civ.
409 4145 444 4193 o.
465 4145 483 4192 ι.
503 4145 554 4193 n.
573 4155 600 4193 ε.
618 4144 666 4191 oo.
685 4155 711 4190 a.
731 4142 761 4191 a.
779 4139 813 4191 r.
832 4140 857 4190 7.
877 4152 903 4190 ο.
921 4139 985 4191 281.
1002 4138 1043 4191 cf.
1061 4141 1103 4191 oe
1121 4154 1184 4200 peu.
1209 4142 1248 4190 aa
1270 4142 1323 4192 zm.
1341 4141 1361 4194 t.
1379 4139 1405 4188 o.

196 4247 223 4286 c,
245 4237 290 4285 15.
309 4248 335 4283 n.
354 4236 404 4284 33.
422 4233 454 4284 T.
474 4235 498 4284 ³.
518 4244 544 4285 o.
563 4232 622 4282 192.
641 4232 750 4293 Quaem,
769 4231 820 4280 83.
839 4244 864 4291 p.
881 4231 936 4281 46.
950 4244 979 4280 n.
996 4234 1027 4283 2.
1046 4229 1079 4281 Τ.
1096 4229 1122 4279 b.
1142 4241 1171 4281 o.-
1194 4228 1226 4279 17
1244 4241 1272 4281 ι.
1291 4231 1334 4280 De
1351 4231 1405 4279 dio.

197 4332 297 4386 pariesi.
316 4326 352 4373 ad
369 4326 496 4382 Siruplio.
515 4325 533 4371 i.
554 4325 583 4373 2.
602 4336 627 4382 p.
646 4322 676 4370 2.
693 4334 719 4369 n.
740 4322 756 4368 1
776 4334 803 4370 sc
817 4318 848 4370 Τ.
866 4319 894 4372 b,
913 4331 938 4371 c.
957 4321 1006 4374 ¹12
1024 4332 1049 4371 s,
1067 4321 1145 4377 conf.
1164 4321 1184 4371 1.
1199 4313 1252 4370 13.
1270 4321 1364 4372 0.-16.
1381 4333 1405 4369 u·

198 4417 247 4464 19.
265 4412 299 4463 Τ.
320 4415 342 4462 1.
359 4424 383 4462 c.
402 4413 464 4462 231.
480 4415 521 4462 De
533 4413 666 4470 praedest.
680 4415 708 4459 et
720 4415 790 4468 prat.
809 4422 834 4457 c.
853 4413 882 4460 5.
902 4409 934 4460 Τ,
955 4411 998 4462 lo.
1017 4406 1140 4474 append,
1161 4420 1185 4460 ο.
1203 4407 1246 4459 52.

186 4550 188 4555 ,
231 4497 257 4565 b)
276 4502 394 4560 cosmon.
414 4505 432 4551 l.
451 4505 479 4551 1.
498 4497 627 4552 inimi,
648 4499 747 4548 Petav.
764 4500 806 4549 lte
824 4500 857 4550 D.
876 4501 982 4562 Deloue
997 4515 1084 4560 propr.
1101 4504 1120 4553 1.
1138 4502 1168 4554 4.
1188 4515 1215 4554 ο.
1233 4501 1263 4553 4.
1281 4503 1349 4555 nt.
1367 4500 1404 4550 iti

199 4595 290 4657 diditi·
310 4594 389 4651 llllln
407 4591 492 4667 Amy
513 4591 589 4648 ,17001
608 4588 640 4648 T.
668 4588 692 4641 lo
709 4599 737 4656 Po
757 4587 816 4642 ¹750
835 4599 859 4640 0·
877 4587 903 4639 2·
966 4632 969 4637 .
1412 4608 1415 4615 ·
