2926 5168
1285 221 1349 299 258

140 370 308 463 rogatiuas
326 394 405 457 argo
428 373 535 461 populi
550 374 732 460 israelitici>
754 371 888 441 fratrum
910 392 1054 445 suorum,
1076 394 1155 458 quos
1173 387 1350 451 enumerat,

140 479 346 573 principalem
359 479 445 553 illam
461 480 579 551 Paulus
597 480 704 557 habet,
728 480 892 547 Christum
910 477 1095 554 Dominum,
1119 478 1171 567 qui
1194 487 1237 545 sit
1252 502 1351 567 super

140 585 246 663 omnia
268 586 369 663 Deus,
392 597 559 659 aeternum
581 588 801 659 venerandus,
833 585 1010 651 seeundum
1041 604 1172 655 carnem
1203 606 1246 649 ex
1271 584 1351 671 ipsis

139 689 298 777 originem
319 691 459 768 decue,
483 701 516 761 et
538 691 586 757 sie
608 690 773 757 Christum
796 690 921 768 Deum,
952 710 1061 755 rerum
1083 701 1265 757 creatarum
1286 691 1351 757 Do·

139 797 313 867 minumae
331 797 416 875 cultu
435 796 542 869 divino
555 800 816 886 prosequendum
833 818 919 874 esse,
940 798 1045 865 docet.
1064 796 1174 863 Verba
1191 795 1319 861 ultima:
1335 795 1350 857 ὁ

138 893 176 963 air
199 912 263 971 etc.
286 922 405 975 revera
426 904 467 967 ad
488 901 670 977 Christum,
699 925 762 969 non
785 925 865 968 vero
895 904 1006 967 forsan
1029 903 1068 969 ad
1090 904 1197 966 Deum
1219 903 1351 966 Patrem

137 1004 321 1087 pertinere,
347 1007 415 1089 jam
440 1011 465 1072 1.
487 1007 560 1071 inde
590 1007 767 1094 colligitur,
797 1007 946 1093 quoniam
968 1006 1063 1071 illud:
1096 1029 1140 1070 (ω
1170 1015 1284 1092 quitus
1305 1019 1353 1070 est

138 1109 287 1172 Chris-tua
307 1114 481 1173 seeundum
501 1134 642 1194 cernent,
665 1111 855 1176 necessario
881 1112 1008 1200 aliquod
1032 1111 1136 1198 exigit
1157 1111 1351 1187 additamen-

136 1224 215 1290 tum,
239 1215 322 1300 quod
343 1216 559 1282 conditionem
583 1219 741 1302 quandam
761 1217 880 1283 carnali
904 1216 1022 1305 origini
1042 1215 1221 1301 oppositam
1245 1215 1350 1301 expri-

137 1331 213 1394 mat,
237 1340 393 1408 quamque
415 1322 615 1388 solummodo
634 1322 665 1386 in
683 1323 794 1389 verbis
815 1322 878 1388 illis
896 1321 1172 1407 deprehendimus.
1195 1328 1223 1389 2.
1246 1321 1351 1383 Porro

137 1425 290 1506 siverim
311 1425 366 1507 illa
387 1448 450 1490 non
481 1428 521 1491 ad
543 1425 728 1503 Christum,
759 1429 816 1492 sed
846 1429 886 1491 ad
907 1427 1014 1491 Deum
1037 1427 1167 1491 Patrem
1190 1424 1351 1490 referren-

135 1541 207 1595 tur:
243 1531 432 1609 necassar-io
456 1533 663 1621 doxologiam
694 1533 913 1607 continerent3
936 1534 1021 1620 quod
1052 1545 1159 1597 tamen
1183 1532 1351 1621 quominus

134 1647 331 1712 assumatur,
361 1637 468 1703 obstat
497 1636 633 1709 affectus
662 1638 828 1725 Apostoli,
852 1637 921 1724 qui,
952 1660 989 1703 sa
1015 1638 1047 1703 in
1079 1636 1220 1712 tristitia,
1250 1658 1352 1723 eaque

135 1761 265 1809 summa
286 1741 413 1819 versari
435 1753 587 1817 testatur,
622 1743 654 1811 in
684 1744 868 1809 immediate
892 1742 1162 1828 praecedentibus
1184 1742 1351 1809 scribens:

137 1849 300 1925 Ouoniom
321 1854 451 1929 histilia
469 1851 548 1923 milti
568 1871 685 1939 magna
701 1857 758 1925 est,
781 1857 811 1910 et
831 1856 999 1919 coritinnua
1016 1851 1105 1913 dolor
1122 1852 1210 1913 cordi
1231 1836 1300 1911 rnen
1316 1853 1352 1928 ¹).

134 1952 312 2031 Tristitiae
331 1963 442 2025 autem
465 1952 674 2039 deprecatio,
707 1951 882 2025 autetiam
916 1951 1032 2038 quietis
1055 1951 1150 2025 animi
1172 1973 1210 2017 ac
1232 1952 1351 2037 patien-

133 2058 202 2133 tioe
225 2056 407 2137 affirmatio,
430 2079 493 2129 non
516 2069 622 2123 autem
646 2059 716 2122 laus
739 2056 898 2122 contenit.
924 2057 1059 2131 aiteio
1082 2056 1277 2145 doxologiae
1299 2058 1351 2120 ad·

131 2172 289 2235 versahu·
310 2163 378 2250 ipse
401 2183 526 2255 quoque
547 2184 625 2226 usus
647 2161 807 2247 loquendi.
831 2162 915 2226 Nam
937 2163 968 2229 iu
991 2163 1138 2229 omnihus
1155 2161 1350 2248 doxologiis,

131 2288 218 2352 quae
248 2267 432 2361 [requenter
462 2267 494 2331 in
523 2268 564 2333 N.
597 2288 635 2333 ac
667 2268 707 2331 V.
737 2269 773 2336 F.
809 2279 1001 2342 occurrunt,
1034 2289 1193 2355 nunquam
1216 2267 1349 2332 dicitur:

128 2367 210 2443 θεὸς
232 2368 403 2455 εὐλογῃτός,
433 2373 492 2436 sed
522 2372 683 2439 constanti
714 2393 753 2438 ac
776 2371 842 2443 fixo
866 2395 925 2441 usu
950 2373 1117 2463 loquendi,
1147 2374 1349 2459 quemadmo-

129 2479 211 2540 dum
234 2488 268 2540 et
288 2476 320 2540 in
343 2476 516 2541 vernaculo
540 2475 695 2543 dicimus:
719 2476 799 2544 (hott
815 2477 895 2545 iob!
921 2489 954 2541 et
969 2498 1146 2563 nunquam:
1169 2478 1227 2545 iot
1250 2477 1351 2545 dotti

127 2582 171 2645 ad
198 2580 410 2646 imitationem
431 2581 601 2648 Hebraici:
624 2549 770 2681 munh&
792 2589 917 2710 qm,
953 2578 1108 2666 εὐλογητὸς
1130 2581 1146 2643 d
1168 2580 1243 2654 dada
1264 2583 1349 2646 adhi-

127 2757 231 2819 hetur
253 2762 292 2831 ²).
315 2754 450 2838 insuper
470 2757 501 2820 li.
523 2751 552 2816 si
573 2753 753 2836 Apostolus
776 2754 876 2819 verha
895 2753 951 2819 illo
972 2755 1012 2820 ad
1036 2754 1202 2821 Christum
1224 2755 1350 2821 referre

125 2859 311 2925 noluisset:
338 2869 431 2922 cento
453 2859 582 2942 adiecta
600 2860 758 2943 particula
779 2860 829 2934 di,
848 2869 904 2925 aut
922 2859 1018 2925 simili
1035 2861 1177 2926 lectores
1206 2872 1349 2926 attentos

123 2964 278 3029 reddero
297 2985 362 3028 non
383 2962 561 3037 otuisisset,
583 2965 850 3048 quemadmodum
868 2974 901 3029 et
917 2963 998 3029 alias
1013 2963 1122 3031 sanare
1141 2967 1232 3030 solet.
1256 2964 1350 3043 Quod

124 3071 158 3135 si
179 3079 292 3132 autern
310 3068 411 3131 verba
429 3068 499 3130 illa:
521 3067 537 3128 ὁ
560 3060 878 3138 deleziniacensem
899 3063 1055 3149 εὐλογητὸς
1076 3072 1116 3139 εἰς
1138 3090 1206 3140 τους
1227 3072 1349 3151 αἰῶνας,

121 3187 288 3267 tanquam
304 3171 524 3263 praedicatum
546 3172 584 3247 ad
600 3159 773 3253 ‚Christum
796 3171 969 3236 referenda
985 3184 1078 3246 sunt,
1101 3173 1184 3236 unde
1204 3171 1349 3258 ingratus
1434 3166 1438 3175 “

120 3279 336 3355 iudaeorum
361 3277 496 3352 animus,
522 3277 727 3349 Salvatoratn
754 3277 794 3338 ad
818 3297 855 3340 se
877 3276 1092 3363 pertinentem
1119 3276 1350 3361 respuentium,

119 3383 311 3472 praecipue
328 3395 453 3467 pateat:
477 3403 539 3449 nnn
562 3383 665 3466 potnit
687 3384 864 3466 Apostolus
892 3381 939 3453 nti
961 3381 1068 3447 verhis
1091 3380 1350 3467 significantiori-

118 3490 195 3557 lius
216 3489 259 3553 ad
274 3509 387 3552 reram
401 3507 622 3574 summamque
638 3487 761 3553 Christi
779 3486 977 3553 divinitatem
996 3487 1227 3574 designandam
1250 3487 1287 3571 ⁸).

118 3811 315 3874 Arabica,
333 3811 499 3878 Syriaca,
518 3811 763 3879 Aethiopica,
781 3811 944 3865 Persica
963 3810 1065 3873 (Coos.
1084 3808 1249 3862 Walton.
1268 3811 1348 3871 Poia-

117 3903 717 3970 911111.Τ.8.ρ.3081.)1181.Ρ111111,111
735 3901 1022 3962 Tertullianus,
1040 3899 1257 3965 cyprianus,
1276 3901 1350 3952 Ori·

119 4007 264 4061 genes,
283 3991 525 4053 Athanasius,
544 3991 763 4055 Gregorius
782 3993 1007 4055 Nyss.,n1ar.
1026 3988 1272 4051 Victorinus,
1291 3990 1349 4040 Hi·

119 4083 284 4144 larius,
310 4082 492 4145 cyrillus,
516 4079 756 4141 Ambrosius,
785 4079 1038 4148 Augustinus,
1064 4084 1117 4133 etc.
1143 4080 1185 4133 Cf.
1204 4077 1350 4140 Rullus,

120 4177 251 4234 Deseror.
268 4175 312 4230 fid.
331 4169 398 4224 Nic.
416 4186 444 4238 p.
459 4173 501 4224 78.

163 4263 188 4333 o
211 4263 247 4313 v.
265 4262 292 4315 s
1031 4322 1036 4331 ,

163 4354 193 4419 ²)
215 4352 257 4404 ci.
275 4355 300 4404 2.
321 4353 386 4404 Cor.
407 4355 430 4412 1,
449 4354 473 4402 3.
492 4351 600 4418 Ephes.
621 4355 644 4411 1,
662 4353 688 4403 3.
709 4354 731 4402 1.
753 4350 831 4401 Petr.
852 4353 875 4410 1,
893 4351 918 4401 3.
934 4347 1001 4399 Luc.
1022 4351 1046 4409 1,
1064 4349 1165 4405 2812.
1179 4350 1221 4401 68.
1236 4349 1289 4405 Ps.
1310 4352 1350 4409 17,

124 4442 176 4496 17.
198 4444 244 4503 27,
263 4442 289 4494 d.
307 4444 351 4502 30,
368 4443 412 4494 22.
431 4443 473 4503 ho,
494 4443 533 4492 tn.
551 4442 595 4501 on,
613 4442 654 4494 20.
673 4441 717 4501 87,
735 4442 778 4492 2ο.
797 4442 840 4500 71,
864 4441 906 4492 18.
926 4441 967 4489 19.
984 4441 1026 4498 88,
1045 4441 1086 4491 5³.
1108 4440 1165 4504 ihi,
1184 4440 1226 4491 ¹48.
1249 4441 1305 4495 123,
1323 4442 1349 4490 6.

123 4532 198 4595 aaa,
218 4531 263 4582 at.
283 4530 342 4593 tna,
361 4534 386 4585 r.
405 4531 490 4582 naen.
510 4535 551 4592 11,
568 4533 594 4582 a.
712 4521 716 4527 '

168 4616 195 4688 3)
217 4620 261 4675 Cf.
286 4621 383 4675 Iren.
409 4625 476 4679 Ado.
502 4626 575 4679 haer,
600 4624 620 4675 l.
646 4624 675 4672 3.
695 4634 719 4674 ο.
743 4623 786 4672 16.
806 4637 833 4673 n.
854 4624 882 4671 3.
906 4634 934 4685 p.
961 4621 1022 4673 205.
1049 4632 1075 4672 o.
1103 4621 1126 4671 1.
1145 4646 1178 4656 ·-
1197 4617 1347 4687 Orlgcu.
