2926 5168
63 370 143 439 dita,
159 368 241 428 laea
253 370 429 446 praedicat,
443 375 535 430 docet
548 389 585 430 ac
599 371 697 430 tradit
712 365 807 456 ¹).-
819 366 1010 431 Clemens
1026 366 1099 431 ΑΙο
1108 387 1140 435 x.
1153 391 1161 430 :
1184 369 1272 432 Lau·

62 473 176 534 demus
190 493 290 535 unum
308 471 438 535 Patrem
455 483 486 534 et
502 473 622 535 Titium
640 510 680 518 -
699 492 765 534 nna
785 493 857 534 oum
876 476 996 551 Spiritu
1013 478 1056 547 S„
1080 479 1147 554 qui
1168 492 1274 535 unus

64 587 132 640 est
155 585 270 649 omnia,
293 573 413 664 (πάντα
433 581 476 654 τῷ
497 574 573 665 in),
595 582 629 639 in
651 582 855 659 quaomnia,
876 599 937 658 per
959 597 1051 656 quem
1073 581 1179 640 omnia
1199 585 1276 640 sunt

63 703 166 744 unum
189 679 252 769 (δι’
276 675 310 744 ὃν
331 678 369 744 τὰ
388 677 485 744 πάντα
506 676 559 770 ir)
575 681 613 764 ²).
633 719 670 730 -
687 681 912 770 Origenes:
935 686 1025 746 Idem
1041 704 1178 764 nomque
1194 664 1273 762 ipse,

65 792 120 866 oui
148 793 192 850 iii
219 791 414 851 Trinitas
442 798 618 867 propter
646 792 957 852 distinctionem
985 809 1273 866 personarum,

65 897 116 953 tiis
146 913 249 956 unns
279 895 393 958 Deus
422 898 613 973 intelligitur
639 915 713 974 pro
743 902 907 958 unitate
934 898 1201 960 substantiae
1231 896 1273 971 ⁸).

65 996 124 1060 Et:
147 999 233 1063 Sunt
252 1007 336 1063 enirn
357 1005 519 1074 nonnulli,
543 1005 598 1083 qui
618 1005 813 1064 annuntiant
832 1003 958 1083 quidem
980 1009 1010 1064 et
1027 1004 1218 1081 praedicant
1237 1001 1277 1061 de

66 1105 167 1167 Patre
175 1149 188 1184 ,
210 1117 244 1167 et
262 1106 366 1194 Titio,
395 1114 428 1168 et
445 1106 570 1188 Spiritu
590 1114 648 1183 S„-
669 1109 811 1169 sednon
832 1112 971 1188 sineere,
993 1127 1058 1169 non
1079 1111 1221 1185 intrare:
1242 1112 1278 1167 ut

67 1217 142 1272 sunt
162 1229 271 1272 omues
292 1215 462 1286 haeretici,
485 1217 539 1292 qui
561 1213 692 1274 Patrem
713 1215 853 1294 quidem,
876 1219 908 1273 et
927 1213 1049 1274 Filium
1071 1218 1101 1274 et
1121 1210 1278 1292 Spiritum

67 1321 96 1375 S.
114 1318 325 1396 aununtiant,·
347 1324 486 1378 sednon
502 1318 592 1391 bene,
614 1338 718 1398 neque
728 1320 865 1398 fideliter
884 1322 1086 1380 annuntiant.
1109 1317 1179 1379 Aut
1195 1322 1277 1377 enim

65 1420 149 1482 male
163 1432 320 1500 separant
331 1422 450 1484 Filium
471 1444 491 1484 a
508 1421 614 1494 Patre,
637 1434 675 1485 ut
691 1425 824 1486 alterius
837 1434 976 1485 naturae
990 1427 1127 1495 Patrem,
1142 1422 1278 1482 alterius

69 1524 190 1586 Filium
210 1530 336 1588 dieunt:
354 1533 412 1588 out
432 1529 516 1589 snale
534 1531 741 1609 confundunt,
764 1536 800 1589 ut
822 1531 874 1590 vel
887 1549 932 1590 eo
949 1528 1052 1589 tribus
1072 1531 1278 1602 compositum

69 1637 187 1701 Deum,
215 1630 267 1698 vel
290 1635 395 1707 trinae
418 1637 631 1695 tantummodo
661 1635 881 1715 appellationis
904 1637 939 1695 in
973 1654 1009 1694 eo
1036 1653 1109 1694 esse
1137 1631 1276 1692 ooaalu-

50 1735 134 1796 Jum
146 1741 267 1814 putent.
292 1734 354 1810 Qui
372 1744 474 1800 autem
491 1740 570 1800 lene
588 1746 761 1802 annuntiat
777 1739 874 1819 bona,
894 1744 1179 1819 proprietates
1202 1739 1278 1818 qui-

48 1844 156 1903 :lem
177 1843 312 1923 Patri,
335 1851 373 1905 et
393 1844 514 1917 Filio,
541 1852 579 1906 et
598 1849 783 1924 Spiritui
804 1853 835 1907 S.
857 1865 955 1906 suas
978 1847 1127 1924 suique
1147 1841 1279 1919 11111111,ο

40 1946 360 2009 militantem
381 1952 641 2012 diversitatis
664 1972 773 2012 esse
805 1951 1093 2030 confitebitur
1114 1955 1165 2009 in
1185 1950 1279 2008 sui·

43 2055 489 2115 ztantiaoelnatura
512 2051 560 2141 ⁴).
585 2053 881 2138 -Dionysius
913 2053 1049 2116 Alexa
1080 2051 1151 2115 Nos‘
1173 2051 1281 2112 indi-

36 2157 334 2220 visibitem
358 2157 618 2222 Unitatem
639 2167 683 2222 in
709 2162 959 2222 Trinitatem
980 2160 1219 2236 dilatamus,
1241 2162 1282 2217 et

61 2264 328 2325 Trinitatem
348 2268 507 2347 iterum,
541 2287 592 2347 qu
608 2287 662 2328 ae
683 2270 874 2328 imminui
895 2268 1046 2346 nequit,
1068 2269 1110 2325 in
1135 2262 1280 2325 Unitu-

39 2376 150 2429 tem
173 2373 473 2433 contrahimus
495 2367 541 2456 ⁶).
565 2407 603 2417 —
626 2369 904 2455 Hippolytus:
936 2374 1124 2432 Oeconomia
1145 2387 1280 2432 somon-

35 2475 174 2534 -sionis
194 2475 404 2551 redipiturad
423 2494 538 2536 unum
555 2482 702 2536 Deum:
722 2494 829 2537 unus
851 2482 957 2538 enim
979 2482 1043 2537 est
1062 2476 1185 2554 Deus,
1208 2477 1282 2555 qui

40 2577 254 2658 mandat,
276 2580 432 2656 Pater,·
456 2585 526 2661 qui
548 2581 865 2660 obedit,1lilius,·
888 2585 957 2660 qui
974 2583 1281 2642 doeetsaienti·

45 2703 141 2756 am,
157 2686 340 2762 Spiritus
356 2691 398 2749 S..
416 2682 553 2759 Pater,
576 2690 642 2766 qui
658 2693 863 2765 estsuper
885 2689 1027 2759 omnia,
1050 2685 1190 2747 Filius
1209 2703 1284 2775 per

50 2795 223 2860 omnia,
245 2793 435 2868 Spiritus
457 2796 487 2853 S.
520 2795 561 2853 in
583 2793 776 2854 omnihus.
807 2791 907 2853 Aliter
924 2793 1029 2854 Deum
1046 2812 1145 2853 unum
1160 2790 1282 2851 intelli-

45 2913 149 2970 9ere
166 2910 234 2954 non
247 2913 438 2970 possumus,
460 2900 526 2957 nisi
549 2916 623 2957 rere
641 2898 734 2957 Patri
759 2904 790 2957 et
806 2899 891 2959 Filio
909 2904 939 2957 et
954 2900 1089 2976 Spiritui
1105 2895 1141 2959 S.
1166 2896 1282 2958 orela-

54 3018 146 3063 mus
170 2998 216 3077 ⁸).
238 3033 278 3046 -
300 2995 490 3082 Cysillus
513 2997 723 3062 Hierosol.
745 3007 828 3080 Spes
847 3009 960 3063 nostra
974 3009 1024 3062 est
1041 3005 1076 3063 in
1094 3000 1231 3073 Patrem,
1254 3009 1286 3062 et

53 3106 195 3170 Folimn
222 3110 255 3165 et
275 3104 432 3182 Spiritum
454 3103 489 3167 S.
520 3112 606 3167 Non
634 3113 722 3167 tres
751 3108 847 3167 deos
870 3114 1118 3187 annuntiamus,·
1145 3127 1285 3169 oerum

61 3231 165 3274 cnm
188 3215 219 3271 S.
242 3213 419 3289 spiritu,
439 3230 516 3290 per
537 3231 664 3272 unum
687 3214 860 3290 Titium,
887 3230 1004 3272 uuum
1033 3213 1159 3273 Deum
1184 3230 1284 3290 prae-

59 3322 230 3393 dicamus
253 3315 396 3376 Indioisa
413 3322 464 3377 est
477 3318 570 3397 fides,
592 3316 820 3393 inseparabilis
838 3321 951 3395 pietas.
975 3315 1091 3397 Neque
1111 3335 1285 3396 separa·

61 3441 161 3485 mus
183 3427 216 3483 S.
243 3420 498 3494 Trinitatem,
520 3440 654 3501 neque
677 3424 963 3500 confusionem
979 3423 1165 3499 facimus
1187 3427 1224 3495 7).
1247 3454 1287 3468 -

65 3523 311 3611 Gregorius
330 3523 442 3587 Nan:
464 3527 630 3587 Patrem
649 3530 798 3618 initur,
821 3533 860 3589 et
879 3526 1050 3597 Filium,
1081 3532 1124 3588 et
1150 3527 1287 3604 Spiri-

68 3696 330 3715 m

105 3785 129 3856 ¹)
151 3788 229 3839 (lant.
247 3789 319 3838 ines.
338 3788 357 3838 l.
377 3791 405 3838 1.
425 3799 449 3837 o.
470 3790 518 3836 10.
537 3803 561 3837 n.
584 3793 609 3836 1.
631 3789 658 3837 2.
677 3799 702 3850 p·
720 3786 753 3837 18
771 3801 794 3837 s.

104 3872 132 3938 ²)
152 3879 275 3937 Paedap.
293 3879 312 3926 t.
331 3879 358 3926 3.
378 3891 405 3928 o.
425 3879 474 3927 12.
493 3875 561 3940 Opp.
581 3874 612 3925 T.
634 3877 656 3926 1.
676 3889 704 3941 p.
722 3879 784 3929 311.
804 3874 846 3930 cf.
866 3880 886 3930 1.
911 3879 934 3928 t.
953 3891 979 3928 o.
999 3880 1027 3930 6.
1046 3889 1071 3941 p.
1092 3876 1140 3925 112
1158 3889 1199 3928 ss.

104 3964 135 4034 3)
154 3967 187 4018 ι»
205 3968 283 4018 aaut.
302 3971 322 4018 r.
343 3971 370 4018 s.
389 3969 417 4028 2,
439 3971 466 4017 s.
484 3964 554 4032 opp.
573 3967 604 4018 s.
622 3968 647 4018 ³.
666 3979 693 4031 p.
712 3969 756 4020 so.
775 3981 799 4019 c.
821 3969 846 4019 ι.
864 3956 921 4021 1.·

107 4054 134 4119 4)
156 4058 304 4110 commin
321 4059 408 4116 Epist.
426 4059 463 4107 ad
478 4060 556 4108 Rom.
575 4058 594 4106 l.
614 4059 643 4106 8.
658 4074 683 4108 n.
704 4061 733 4111 o.
753 4056 785 4107 T.
803 4058 828 4109 1.
843 4071 868 4123 p.
883 4059 945 4110 626.
964 4057 1029 4107 (1.2.
1049 4054 1091 4106 cf.
1109 4059 1129 4107 1.
1151 4059 1176 4106 7.
1196 4071 1221 4106 n.
1240 4057 1290 4106 12.

80 4161 100 4212 p.
118 4146 171 4197 612
190 4158 215 4196 a.
232 4147 259 4197 2.
277 4148 310 4198 ln
326 4149 415 4200 Euat.
434 4150 514 4201 Hom.
536 4151 564 4200 9.
582 4164 610 4200 n.
630 4150 660 4200 3.
677 4145 709 4199 Τ.
727 4147 753 4199 2.
772 4161 800 4212 p.
821 4148 877 4208 163.
899 4159 922 4196 o.
940 4149 966 4198 2.
985 4145 1019 4195 Ε.
1034 4150 1075 4197 Its
1089 4147 1176 4204 prmo.
1195 4146 1289 4201 Praef.

80 4254 102 4288 n.
121 4240 154 4290 4.
173 4234 206 4290 T.
227 4237 251 4288 1.
268 4249 297 4302 p.
316 4236 357 4287 tu.
381 4239 413 4288 1n
438 4233 522 4288 Num.
545 4240 625 4288 Hono.
652 4241 700 4289 11.
725 4253 754 4289 n.
773 4240 800 4287 8.
819 4235 851 4287 T.
870 4239 897 4289 2.
916 4251 943 4302 p.
961 4237 1022 4287 ³10.
1042 4248 1066 4288 e.
1089 4237 1112 4286 1.
1130 4234 1165 4286 D.
1183 4235 1215 4284 ln
1232 4235 1290 4284 Jsr.

81 4329 159 4378 Hom.
178 4329 225 4376 18.
245 4342 271 4378 n.
291 4329 319 4378 9.
336 4324 370 4376 Τ.
388 4327 413 4381 3,
433 4327 540 4392 110251.

110 4412 135 4480 ⁶)
154 4409 334 4468 Athenas.
352 4419 393 4467 lle
411 4425 478 4468 sent.
497 4421 610 4479 Dionys.
628 4434 656 4470 n.
675 4421 725 4470 17.
744 4415 814 4483 Opp.
830 4415 864 4468 Τ.
885 4418 907 4466 1.
927 4413 960 4469 Ρ.
981 4418 1005 4467 1.
1025 4415 1129 4481 120255.

82 4554 85 4561 .
110 4502 136 4570 ⁶)
157 4509 234 4560 cour.
252 4503 379 4562 Noenu.
401 4511 448 4578 14.
467 4508 499 4556 1n
519 4505 688 4582 saliano.
710 4508 782 4558 sur.
800 4507 857 4557 ss.
874 4502 907 4555 ’1.
926 4505 953 4557 2.
972 4517 998 4569 ρ.
1017 4504 1064 4555 soi
1085 4520 1109 4556 s.

111 4593 136 4659 ⁷)
157 4598 215 4649 cat.
237 4600 284 4648 16.
305 4610 329 4650 o.
347 4601 377 4650 4.
395 4595 465 4663 opp.
483 4609 512 4662 p.
529 4596 581 4648 211
599 4610 624 4647 s.

1007 4678 1089 4716 Μ*
