2926 5168
117 376 316 451 cognoscunt
341 378 387 449 te,
419 373 548 439 sotum
575 373 698 442 Deum
726 394 880 454 oerum,
911 378 944 437 et
970 386 1061 454 ouem
1082 372 1193 438 misisti
1213 375 1325 438 leuem

120 478 284 542 Christum
302 480 340 564 ¹).
360 478 515 546 Paulus
538 493 649 547 autem
663 481 793 548 scribit:
816 488 956 554 seimus,
979 483 1055 561 quia
1075 480 1158 543 nitet
1176 491 1225 545 eet
1250 487 1323 543 ido·

117 584 234 646 himin
257 594 391 660 mundo,
415 594 448 649 et
464 596 548 670 quod
566 595 713 651 nultus
733 594 795 649 est
813 586 943 664 Deus,
964 588 1055 646 nisi
1076 605 1180 648 unus
1195 583 1236 669 ⁸).

202 684 245 775 B)
268 688 361 755 Hanc
380 712 478 775 porro
500 692 671 756 veritatem
692 691 778 755 nullo
800 710 864 753 non
897 699 1041 774 ternpore
1071 688 1211 752 omniurn
1233 686 1325 752 Chri·

119 793 298 858 stianorum
322 794 437 859 animis
462 795 561 861 luisse
584 797 797 883 impressam,
820 805 918 880 atque
943 813 962 855 a
988 793 1179 879 magisterio
1211 789 1326 856 llccle·

119 897 253 973 siastico
271 897 444 973 traditam,
466 921 522 965 res
545 913 610 965 tam
632 912 723 967 certa
738 912 806 974 est,
829 910 864 963 ut
885 897 1077 985 probatione
1098 897 1156 961 vix
1174 895 1324 983 indigeat.

119 1002 251 1081 Etenim
844 1060 849 1077 .

203 1114 240 1185 1)
263 1108 325 1174 SS.
353 1108 505 1176 Patres
534 1133 598 1176 non
629 1122 752 1176 tanturn
777 1104 895 1196 ubique
917 1109 1023 1172 Deum
1052 1128 1148 1171 unum
1173 1103 1324 1191 profitens

119 1223 189 1287 tur,
213 1215 271 1279 sed
294 1227 327 1279 et
336 1216 493 1281 adversus
508 1217 656 1282 Gentiles
676 1216 795 1280 nntium
819 1225 1083 1303 argumentorum
1106 1232 1211 1299 genus
1234 1211 1325 1275 omit·

119 1328 206 1392 tunt,
230 1332 265 1384 ut
292 1341 374 1407 quos
413 1341 456 1385 ex
476 1321 551 1386 fidei
572 1321 737 1406 principiis
759 1321 953 1386 convincere
976 1319 1061 1384 haud
1083 1329 1251 1405 poterant,
1273 1337 1323 1380 ra·

120 1421 209 1487 tione
225 1425 265 1488 ad
287 1425 391 1491 Deum
409 1447 522 1491 verum
543 1427 748 1491 adducerent.
769 1427 814 1491 Et
836 1426 963 1511 quidem

203 1530 238 1616 a]
261 1530 415 1596 unitatem
436 1531 499 1596 Dei
519 1553 563 1596 ex
583 1532 673 1618 ipsa
703 1531 891 1595 eiusdem
921 1531 1030 1604 idea,
1059 1549 1139 1615 quse
1162 1527 1258 1593 nobis
1279 1527 1324 1592 in·

120 1633 179 1709 sit,
203 1640 346 1723 quaeque
370 1659 433 1702 non
458 1650 580 1702 tantum
604 1639 679 1703 idea
712 1637 793 1713 Dei,
817 1639 876 1702 sed
895 1635 958 1700 Dei
979 1634 1073 1700 unius
1105 1645 1173 1708 est,
1196 1634 1324 1698 demon·

120 1751 236 1813 strant.
265 1742 310 1806 Et
335 1763 452 1809 revera
473 1764 565 1811 meos
589 1754 718 1816 nostra,
742 1763 822 1829 quae
850 1763 909 1829 pro
930 1763 990 1806 sua
1010 1740 1116 1805 indole
1138 1738 1324 1805 necessario

119 1844 158 1907 ad
189 1843 344 1911 unitatem
363 1849 485 1924 tendit,
516 1870 642 1913 ornnem
673 1848 810 1919 deorum
833 1847 1048 1931 pluralitatem
1077 1845 1212 1932 respuit.
1236 1845 1320 1909 Nam

118 1948 189 2032 ipsa
212 1950 281 2015 sine
297 1952 477 2045 sulliciepte
500 1954 626 2019 ratione
644 1952 687 2017 nil
705 1962 816 2038 potest
839 1952 1031 2026 admittere,
1063 1963 1096 2016 et
1116 1952 1168 2016 hic
1192 1949 1324 2035 insuper

120 2054 266 2141 sibiipsi
296 2071 407 2143 aperte
429 2071 644 2147 repugnarem
670 2080 768 2144 quum
790 2078 849 2123 ens
878 2079 940 2121 non
966 2056 1207 2130 necessarium,
1231 2054 1324 2142 quale

120 2159 289 2227 manileste
306 2164 411 2228 omnis
429 2166 511 2229 alter
530 2176 563 2228 et
580 2163 684 2250 quivis
701 2162 835 2229 ulterior
851 2163 943 2227 Deus
959 2174 1065 2237 esset,
1088 2183 1147 2246 pro
1175 2172 1248 2226 ente
1270 2180 1323 2223 ne·

120 2264 417 2337 cessariohaberet
438 2269 478 2354 ³).
508 2252 715 2355 Quapropter
748 2280 782 2332 et
815 2267 908 2331 unius
933 2267 996 2331 Dei
1017 2264 1235 2354 cognitionem
1256 2285 1324 2330 ser·

120 2383 228 2435 vatam
249 2372 333 2459 apud
355 2394 467 2438 omnes
489 2385 607 2462 gentes
629 2373 661 2438 in
682 2373 787 2439 media
818 2373 952 2438 deorum
982 2371 1232 2437 adulterinorum
1260 2371 1324 2435 col·-

119 2474 203 2541 luvie
226 2478 504 2569 deprehendimus.
529 2481 591 2545 SS.
614 2479 729 2545 Patres
748 2480 871 2545 hancce
893 2477 988 2542 unius
1010 2476 1075 2542 Dei
1104 2477 1323 2565 cognitionem

120 2601 177 2646 sen
198 2581 322 2659 ideam,
345 2584 444 2661 menti
460 2597 591 2650 nostrae
612 2585 706 2651 unice
722 2581 988 2658 convenientem,
1012 2594 1045 2647 et
1064 2593 1199 2648 eatenus
1228 2582 1324 2648 nobis

120 2682 264 2764 insitam,
287 2701 421 2771 naturae
439 2691 603 2765 oraculum
620 2702 739 2756 vocant
757 2741 767 2766 ,
790 2701 845 2754 aut
863 2688 994 2753 insitum
1008 2688 1132 2754 animae
1148 2687 1324 2754 testimoni·

121 2812 194 2873 um,
217 2793 302 2877 quod
323 2814 360 2857 se
375 2793 466 2859 vario
495 2796 590 2860 modo
605 2795 637 2859 in
658 2794 806 2870 homine,
829 2793 926 2859 etiam
946 2792 1037 2858 vanis
1057 2796 1191 2859 deorum
1212 2812 1323 2878 strper-

121 2892 305 2969 stitionibus
319 2918 357 2964 ac
373 2897 508 2986 publicis
524 2899 691 2965 erroribus
706 2910 881 2984 occupato,
905 2908 1000 2985 atque
1021 2899 1092 2985 ipso
1107 2898 1231 2979 invito,
1252 2919 1323 2983 pro·

121 3001 192 3088 dat3
215 3023 310 3087 quum
326 3003 473 3095 homines
485 3004 640 3070 instinctu
656 3016 790 3069 naturae
801 3026 839 3070 eo
857 3003 1016 3087 ferantur,
1039 3016 1074 3068 ut
1082 3004 1208 3070 unicum
1218 3005 1323 3068 Deum

122 3119 317 3194 agnoscant,
340 3129 379 3174 ac
396 3109 555 3183 communi
570 3130 720 3175 sermone
739 3109 909 3175 fateantur.
935 3112 1058 3184 Vultis,
1088 3109 1131 3174 ait
1153 3108 1323 3173 Tertul-

122 3211 262 3275 lianus
290 3233 335 3276 ee
365 3220 494 3278 animae
526 3219 628 3295 ipsius
656 3219 830 3279 testimonio
853 3215 981 3292 (Deum
1000 3235 1097 3279 unum
1120 3210 1211 3300 esse)
1234 3234 1322 3278 com·

119 3318 314 3394 prodemus?
336 3323 504 3411 quaelicet
523 3341 654 3389 earcere
666 3325 811 3402 corporis
826 3341 957 3402 prusa,
978 3323 1053 3383 licet
1076 3306 1323 3384 institutionibus

119 3427 229 3499 praete
248 3427 503 3515 circumeripta,
525 3427 599 3489 lieet
613 3426 793 3489 libidinibus
809 3447 848 3489 ao
868 3430 1129 3507 eoewupiseentiie
1140 3429 1322 3505 evigorata,

123 3535 198 3590 licet
209 3529 311 3608 saleis
323 3530 391 3592 deis
406 3533 619 3606 eeuneiltata,
642 3552 715 3594 oum
734 3539 838 3596 tomen
854 3534 1032 3610 resipiscit,
1052 3538 1146 3595 uteo
1170 3536 1322 3609 crapola,
1403 3535 1405 3539 ’

121 3640 156 3696 ut
170 3653 215 3699 ear
235 3654 362 3717 somno,
384 3642 479 3720 etex
492 3642 600 3720 aliquo
616 3639 820 3718 valetudine,
842 3643 875 3700 et
889 3642 1061 3702 ementem
1078 3657 1172 3701 auam
1193 3639 1321 3715 potitur,

124 3739 225 3802 Decem
240 3744 402 3835 npnenot,
424 3743 483 3806 doe
508 3744 574 3805 solo
601 3747 746 3818 nomine,
777 3747 854 3823 quia
873 3746 1005 3823 proprio
1027 3743 1097 3804 Dei*
1113 3747 1187 3806 veri.
1213 3742 1323 3803 Deus

111 3843 275 3922 mecm,
296 3847 408 3910 Deus
428 3849 547 3922 donne,
570 3860 622 3912 et:
657 3847 751 3924 Quod
784 3850 902 3912 Deus
935 3851 1070 3924 dederit,
1099 3851 1237 3912 omnium
1259 3867 1323 3910 voe

126 3957 190 4030 est;
213 3952 357 4027 judicem
393 3973 517 4039 quoque
544 3959 736 4045 contestetur
753 3954 859 4028 ilicem,
891 3957 1005 4020 Deua
1032 3959 1136 4038 videt,
1176 3959 1209 4017 et
1236 3954 1323 4017 Deo

126 4057 322 4132 commendo,
345 4064 377 4119 et
394 4058 513 4122 Deus
533 4059 609 4122 mitat
623 4066 744 4129 reddet.
766 4057 794 4121 0
814 4063 1024 4129 testimonium
1042 4058 1172 4125 animae
1183 4065 1323 4122 statura·

125 4243 362 4265 ——uu—

156 4332 180 4395 ¹)
194 4331 281 4386 Joan,
300 4335 341 4396 tt,
358 4334 385 4387 3.
403 4333 566 4396 claudatur.
588 4336 690 4397 1⁰„st
707 4335 803 4395 Marc.
820 4338 861 4400 lo,
882 4338 922 4393 1⁸.

157 4419 181 4486 2)
202 4425 226 4475 1.
246 4422 315 4491 Cor,
330 4424 357 4487 8,
371 4424 396 4474 l.
414 4423 459 4482 (tt.
475 4425 538 4479 Aet.
554 4425 593 4488 tl,
614 4426 655 4478 tl.
675 4428 714 4486 17,
741 4429 775 4485 22
798 4441 842 4486 ss.
869 4428 950 4480 Rom.
973 4429 1005 4490 3,
1029 4427 1063 4479 29
1084 4441 1110 4480 e.
1128 4427 1235 4493 Epiros.
1254 4429 1279 4492 ir,
1297 4431 1322 4481 d.

131 4507 189 4563 nat.
205 4515 232 4572 a,
251 4514 297 4563 eo.
316 4516 340 4565 ι.
359 4512 432 4566 rim.
453 4516 477 4574 ι,
501 4517 542 4567 1⁷.
558 4516 583 4567 a.
601 4520 627 4568 5.
640 4516 666 4575 a,
687 4517 793 4568 to—w.
808 4516 896 4568 neor.
913 4521 975 4594 ¹‚,¹·

158 4592 182 4664 ³)
201 4600 244 4655 cl.
262 4601 429 4659 Aneelm.
446 4606 548 4658 Monoi.
568 4618 593 4659 o.
608 4609 637 4660 ³.
655 4604 725 4673 Opp.
743 4619 770 4675 p.
786 4609 813 4659 5.
828 4619 853 4662 e.
874 4609 898 4662 l.
