2926 5168
173 201 215 267 72

172 353 467 427 endemjuctn
488 348 612 416 illas,
644 349 1179 426 qrsitusprimumcondtta
1200 356 1384 414 santle-

172 479 243 537 pes
259 473 514 518 conservare
528 464 567 515 et
585 452 837 513 custodire?
852 453 1252 535 Alteriusprofectc,
1269 475 1388 538 auam

175 582 318 640 casus,·
340 565 465 641 atque
486 559 559 618 lenc
582 558 774 637 quidnam
796 558 921 619 aliud
938 562 1005 639 sit,
1026 564 1115 621 nisi
1135 561 1278 624 never
1297 569 1326 634 ¹]
1348 597 1383 609 -

175 666 382 738 Basilius,
409 666 478 748 jam
500 660 759 728 consideratione
779 661 881 746 ipsius
902 662 1058 738 hominis,
1081 683 1124 728 ex
1140 664 1246 728 enims
1263 675 1297 728 et
1316 685 1387 731 cor·

176 793 254 858 pore
277 768 466 842 constantis,
489 767 595 831 Deum
620 766 792 855 cognosci,
817 768 931 849 docet,
953 768 1082 831 tametsi
1104 769 1200 833 nullis
1223 767 1386 836 discerna-

177 891 227 943 tur
250 873 411 940 sensibus.
432 876 577 954 Dilipens
595 877 641 934 tui
659 876 773 953 ipsius,
795 871 908 957 inquit,
930 876 1159 953 comtemplatio
1177 883 1257 941 satis
1277 885 1309 940 te
1330 886 1389 941 dc-

176 987 270 1045 ducet
289 989 322 1044 iu
336 983 398 1042 Dei
416 982 634 1058 copuitionem.
656 978 743 1039 Nam
759 985 789 1040 si
804 981 975 1041 attenderis
992 981 1047 1041 tili
1065 982 1149 1061 ipsi,
1170 985 1220 1043 nil
1234 1002 1315 1059 opus
1328 988 1391 1044 erit

178 1110 219 1150 ec
236 1090 457 1150 uniuersorum
473 1091 635 1146 structura
649 1089 754 1162 ipsum
771 1086 911 1162 opificem
925 1086 1128 1166 investipare,
1151 1088 1208 1148 sed
1226 1089 1268 1149 in
1288 1092 1343 1149 tei
1347 1109 1389 1168 p·

178 1216 238 1273 so,
261 1192 388 1253 uelut
405 1193 451 1250 in
472 1193 669 1251 concinno
692 1190 860 1270 quodam
881 1199 1016 1250 rerum
1049 1191 1287 1266 summaria,
1320 1215 1389 1254 ma·

177 1319 296 1378 puam
321 1297 562 1359 conditoris
585 1299 643 1357 tui
663 1298 926 1390 sapientiam
947 1297 1196 1358 contundere
1217 1294 1252 1379 ²).
1274 1332 1316 1343 -
1337 1296 1390 1361 Ex

179 1399 439 1468 consideratione
458 1397 590 1485 generis
607 1398 737 1462 humani
756 1397 962 1461 existentiam
978 1397 1041 1461 Dei
1059 1397 1181 1484 colligit
1204 1399 1237 1462 Τ
1248 1400 1389 1464 heodo·

180 1529 255 1572 rus
276 1506 484 1584 Abuonrc,
507 1502 641 1566 Josnnis
663 1502 868 1588 Damasceni,
891 1515 926 1566 nt
944 1501 1071 1588 quidam
1086 1503 1265 1586 opinantur,
1290 1504 1389 1569 disci-

181 1614 281 1698 pulus.
305 1609 418 1674 Omnis
437 1629 604 1690 numerus,
628 1607 680 1680 sit,
705 1613 760 1690 qui
780 1613 892 1689 recipit
904 1612 1127 1682 accessionem,
1144 1613 1243 1690 finem
1267 1631 1391 1693 quoque

180 1722 301 1795 recipit,
323 1735 478 1777 uumerus
493 1718 590 1793 ipitur
610 1719 771 1776 dominum
785 1717 998 1777 accessionem
1014 1717 1179 1791 recipient,
1197 1719 1312 1796 finitus
1331 1723 1390 1795 est,

182 1823 327 1906 quamuis
345 1840 426 1902 nos,
456 1825 594 1900 quantus
610 1821 674 1899 sit,
703 1822 901 1898 iquoremus,
929 1821 988 1879 sed
1002 1839 1161 1898 ponamus
1179 1821 1341 1884 breuitatis
1364 1833 1396 1884 et

182 1928 407 1989 declarationis
421 1927 536 2002 pratia,
560 1942 667 1985 omues
686 1923 829 1984 domines
851 1943 922 1984 esse
940 1931 1080 1997 centnm,
1100 1927 1173 2004 fleri
1195 1945 1260 1987 non
1278 1933 1394 2008 potest,

182 2041 219 2093 ut
235 2033 269 2092 lsi
285 2050 394 2091 omnes
411 2032 537 2108 fuerint
554 2031 662 2107 peniti,
685 2028 742 2090 alii
761 2029 883 2110 quidem
907 2049 949 2090 eu
973 2029 1048 2090 atiis
1066 2035 1170 2092 ortum
1188 2031 1317 2102 ducunt,
1337 2033 1398 2093 sed

182 2157 272 2198 mens
286 2139 441 2197 rationem
457 2140 545 2196 ortus
561 2141 593 2195 et
607 2137 740 2210 oripiuis
753 2153 883 2195 sursum
897 2153 1062 2212 reuocans,
1079 2138 1203 2196 omnino
1217 2143 1265 2198 ad
1277 2156 1395 2199 unum

184 2261 264 2304 uon
283 2243 470 2319 penitam
491 2240 633 2319 evadit,
656 2260 727 2300 curn
739 2243 822 2300 enim
842 2240 887 2300 ad
899 2243 1036 2315 primum
1054 2239 1223 2320 devenerit,
1240 2261 1306 2303 non
1325 2250 1393 2320 pot·

184 2355 237 2412 est,
249 2347 367 2424 dicere,
384 2364 427 2406 eu
446 2345 509 2406 ctio
527 2350 628 2405 ortum
649 2364 720 2405 esse
726 2390 739 2424 ,
769 2348 845 2426 quic
863 2351 897 2405 et
912 2344 965 2404 itte
983 2345 1066 2405 alius
1091 2364 1136 2405 ec·
1160 2345 1222 2406 atio
1242 2348 1319 2407 item
1334 2367 1396 2424 pe·

184 2462 318 2514 uerutus
338 2456 433 2529 esset,
457 2452 556 2510 donec
575 2453 610 2509 in
621 2452 724 2528 primo
741 2469 832 2510 mens
852 2451 1007 2510 consistat
1020 2451 1113 2528 flua,
1145 2469 1278 2512 nececse
1296 2453 1398 2529 ipitur

185 2567 235 2618 est
251 2575 296 2617 en
312 2561 400 2616 terra
420 2559 530 2614 natum
551 2573 622 2614 esse
636 2555 720 2614 ltunc
745 2554 1033 2627 insimulatum,
1055 2561 1112 2615 aret
1130 2561 1294 2616 aeternnm
1314 2575 1396 2631 esse,

186 2666 242 2721 aut
256 2660 295 2719 ai
318 2659 424 2739 utiquo
445 2663 589 2719 creatore
611 2661 736 2736 sactum
761 2678 840 2721 esse.
867 2657 936 2721 Sed
950 2661 979 2718 si
1000 2678 1018 2719 e
1039 2665 1127 2720 terra
1150 2670 1241 2721 ortus
1261 2664 1397 2739 (nisset,

186 2766 291 2827 adduc
312 2782 414 2844 usqne
434 2766 469 2824 in
490 2763 675 2823 llodieruum
689 2763 769 2823 diem
790 2764 871 2824 aiios
887 2771 974 2825 terra
992 2771 1185 2842 procrearet,
1207 2767 1293 2826 sicut
1307 2768 1347 2845 fit
1366 2772 1400 2827 in

185 2891 304 2951 penere
326 2869 475 2930 ariorum
496 2875 528 2928 et
546 2868 729 2947 uerborum,
752 2875 787 2928 at
806 2871 881 2949 quia
900 2869 959 2929 lmc
980 2886 1044 2929 non
1062 2871 1135 2948 fieri
1156 2870 1312 2950 etaemus,
1333 2891 1398 2932 ma·

187 2979 341 3056 nifestum
361 2979 419 3046 es't,
441 2993 544 3054 neque
572 2976 708 3052 primm
735 2993 934 3053 procreasse.
967 2972 1036 3035 Sed
1066 2994 1127 3036 nec
1147 2981 1299 3038 aeternus
1320 2983 1400 3037 erat.

187 3081 227 3143 Si
249 3083 334 3141 enim
353 3082 510 3158 principio
531 3081 700 3158 caruisset,
723 3084 870 3159 essetque
888 3084 1051 3159 aeternus,
1071 3099 1235 3161 nunquam
1256 3086 1401 3142 mortuus

183 3188 317 3266 sciisset,
337 3202 441 3264 neque
462 3186 630 3243 interisset.
656 3183 750 3257 Quod
768 3185 852 3244 enim
869 3187 1058 3261 principium
1079 3203 1143 3245 non
1162 3186 1274 3255 dalet,
1296 3204 1402 3267 neque

185 3294 282 3370 finem
302 3289 404 3350 isabel.
427 3287 632 3368 Relinquitur
653 3291 774 3367 ipitur,
805 3292 998 3366 utfuctus
1015 3292 1169 3373 tuerit,
1203 3295 1308 3370 quod
1334 3294 1402 3370 fa-

190 3401 297 3456 ctum
319 3399 407 3472 est,
429 3403 635 3454 auctorem
651 3393 791 3471 nabet,
815 3398 883 3452 est
900 3395 1032 3469 ipitur
1059 3403 1247 3472 creator,
1270 3402 1312 3455 et
1333 3414 1403 3456 au·

189 3507 277 3561 ctcr
295 3499 507 3559 lominum
522 3499 633 3558 Deus
654 3493 1044 3572 ³).-'l*ertnllisnus
1065 3495 1123 3559 ait:
1142 3498 1403 3560 HaletDeus

191 3607 450 3677 testimonia,
474 3612 599 3664 totum
620 3603 713 3674 icoc,
737 3602 842 3682 quod
860 3619 1013 3675 snmus,
1043 3610 1085 3664 et
1104 3605 1144 3663 in
1166 3605 1403 3682 quesumus

191 3705 561 3785 ⁴).-Lactantius:
585 3713 680 3768 Nemo
698 3713 748 3766 est
762 3711 826 3766 tam
847 3705 957 3778 rudis,
980 3712 1043 3766 tam
1062 3710 1149 3784 feris
1165 3707 1327 3779 moribus,
1351 3711 1403 3790 qui

192 3815 300 3876 ocutos
321 3833 396 3875 suos
417 3812 594 3873 incoctum
615 3812 744 3886 totiens,
778 3813 902 3872 tametsi
924 3815 1063 3885 nesciet,
1092 3815 1185 3890 cujus
1214 3815 1275 3873 Dei
1292 3817 1402 3891 proci·

191 3923 299 3982 deutin
319 3926 451 3996 repatur
471 3918 530 3981 ltoc
551 3937 661 3993 omne,
692 3917 778 3999 quod
803 3923 964 3987 cernitur,
992 3935 1056 3976 non
1085 3915 1265 3998 aliquam
1297 3923 1403 3979 tamen

191 4047 287 4089 esse
317 4024 527 4104 inteltipct
563 4043 617 4086 en
645 4027 734 4100 ipsa
770 4040 910 4084 rerum
938 4022 1253 4101 magnitudine,
1287 4031 1400 4091 mata,

189 4229 438 4248 uun—-

228 4319 251 4378 ¹)
270 4322 311 4370 Dc
328 4320 374 4377 fid.
393 4321 494 4369 orttcd.
514 4321 532 4368 l.
552 4320 578 4366 1.
598 4328 622 4367 c.
642 4320 671 4367 3.
690 4313 761 4381 Opp.
777 4315 809 4367 Τ.
830 4317 852 4364 1.
871 4328 900 4380 p.
920 4315 976 4364 126.

227 4402 250 4473 2)
269 4412 350 4458 Hom.
370 4410 399 4458 in
416 4410 503 4458 iliud:
521 4409 633 4458 Attende
653 4407 700 4455 tibi
718 4422 744 4456 n.
766 4409 790 4455 7.
809 4405 879 4471 θυι).
898 4404 930 4454 Τ.
947 4405 973 4453 2.
991 4416 1017 4468 p.
1036 4402 1080 4450 23.

227 4493 252 4559 ³)
272 4500 368 4554 Oprrsc.
388 4501 416 4546 3.
435 4495 510 4547 nint,
531 4508 601 4544 man.
616 4494 674 4545 PP.
689 4492 778 4556 Lugd.
793 4493 823 4543 Τ.
842 4494 881 4543 16.
899 4507 925 4557 p.
942 4494 1002 4543 733.
1019 4492 1054 4542 Ι).
1069 4489 1104 4540 Ε.

230 4583 255 4654 l)
275 4590 343 4645 Arte,
362 4587 497 4646 Marcion,
516 4591 533 4638 t.
556 4588 582 4642 t.
602 4599 625 4634 c·
647 4587 694 4633 16.
713 4581 783 4650 θρρ.
802 4583 838 4634 ν.
854 4583 879 4634 2.
897 4595 924 4649 p.
946 4584 1004 4633 156.
1020 4579 1065 4645 cl.
1081 4595 1108 4632 c.
1128 4581 1205 4632 tds.
1222 4590 1251 4652 p.
1273 4576 1322 4635 tut
1339 4591 1365 4632 s.
