2926 5168
132 375 167 416 ae
199 357 372 416 turbulenta
409 359 609 417 concursione
638 350 692 434 per
735 354 945 417 adhaesionem
981 357 1244 434 copulationemve
1275 374 1342 415 esse

132 471 232 521 ortum
257 459 292 544 ¹).
314 496 354 507 -
375 462 493 524 Deinde
515 463 824 538 Hylonoismus,
847 482 933 523 error
955 463 1062 538 primis
1084 462 1247 521 Ecclesiae
1268 479 1340 520 sae·

132 570 210 629 culis
228 568 304 646 apud
335 568 506 628 haereticos
527 568 774 646 vulgatissimus,
806 588 864 648 quo
887 579 1042 629 aeternam
1063 569 1225 629 materiam
1255 557 1342 645 (ὕλην

130 669 295 755 ἀγέννητον)
316 674 425 744 fnisse,
451 693 489 734 ex
512 692 571 752 qua
591 673 718 735 mundus
740 682 804 735 tum
825 675 875 734 vel
895 693 949 753 per
971 676 1070 735 Deum
1090 674 1142 734 vel
1163 692 1220 751 per
1241 675 1340 751 Ange·

130 782 186 850 los,
209 782 275 839 sive
296 780 392 840 bonos
414 780 479 838 sive
500 780 623 856 malos,
646 780 795 843 formatus
818 780 879 850 sit,
909 781 1049 839 sumitur.
1070 774 1177 851 Prius,
1200 777 1339 840 mundum

132 887 252 945 seilicet
284 887 389 946 aDeo
418 904 456 945 ex
486 887 615 947 materia
656 886 830 960 subjacente
852 884 1006 945 conditum
1029 903 1115 957 esso,
1146 884 1250 945 docuit
1271 893 1338 962 post

130 990 286 1049 Platonem
310 999 341 1049 et
367 991 444 1050 alios
473 1008 603 1068 graecos
632 988 828 1067 philosophos
859 989 1141 1069 Hermogenes
1175 1006 1245 1048 cum
1276 990 1336 1047 suis

131 1096 259 1153 asseclis
281 1095 318 1171 2).
347 1095 505 1154 Posterius
534 1113 619 1163 vero,
641 1093 782 1153 mundum
814 1112 868 1172 per
899 1096 1036 1172 Angelos
1067 1094 1235 1153 formatum
1260 1110 1336 1165 esse,

131 1200 350 1260 contendebant
373 1201 510 1260 Simon
533 1201 682 1277 Magus,
704 1199 927 1259 Menander
950 1209 979 1259 et
1002 1201 1054 1259 alii
1085 1201 1124 1277 3).
1158 1198 1217 1259 cni
1239 1199 1334 1258 errori

130 1306 230 1363 affinis
262 1314 314 1385 est*
340 1307 493 1366 sententia
528 1306 891 1384 Marcionitarum,
931 1304 1264 1365 Manichaeorum
1308 1311 1333 1360 et

129 1411 581 1481 Priscillianistarum‚
614 1405 833 1481 materiamac
862 1410 1004 1470 mundum
1026 1428 1219 1488 corporeum,
1243 1428 1282 1469 ex
1303 1427 1333 1469 ea

129 1513 243 1583 lictum,
260 1516 409 1591 principio
425 1516 504 1573 malo
522 1515 718 1574 tribuentium
734 1520 772 1589 ¹}
787 1547 825 1561 ἡ
839 1515 917 1575 Tum
933 1524 1070 1590 systema
1089 1514 1193 1575 mundi
1210 1515 1331 1592 aeterni,

129 1619 209 1694 quod
227 1619 368 1681 bifariam
389 1620 420 1677 in
442 1618 675 1695 pantheissnum,
700 1621 798 1679 Deum
821 1638 889 1679 cum
912 1619 1020 1679 mundo
1041 1618 1286 1688 confundentem,
1308 1625 1331 1676 et

129 1724 329 1783 emanationis
352 1722 520 1783 doctrinam
542 1724 614 1782 abit.
628 1724 683 1783 (lui
706 1725 869 1798 systemati
888 1723 1219 1803 quoquecabbalistae,
1241 1722 1331 1782 radia·

128 1830 228 1887 tiones
249 1828 367 1889 divinae
394 1838 520 1888 naturae
548 1828 742 1888 defendentes
765 1833 813 1904 ὕ),
838 1838 928 1889 etex
960 1839 1046 1907 parte
1069 1831 1160 1888 etiam
1185 1829 1330 1898 Gnostici,

128 1934 229 1992 varias
251 1935 464 2012 generationes
485 1935 516 1992 in
540 1933 643 1992 cadem
664 1943 856 1993 assumentes
879 1935 918 2010 ⁶),
941 1932 1153 1995 adlsaerebant.

213 2035 337 2100 Contra
365 2036 488 2100 huncce
509 2019 616 2119 itaque
642 2033 801 2118 triplicem
829 2055 976 2099 errorem
1009 2035 1127 2122 dogma
1161 2034 1328 2102 Ecclesiae

128 2137 312 2205 Oatbolicao
332 2140 564 2205 defendendum
584 2150 646 2211 ost,
669 2151 763 2224 atque
780 2139 1024 2216 ostendendum,
1046 2141 1199 2205 mundum
1216 2159 1330 2203 nonen

127 2245 262 2309 materia
284 2244 389 2329 aliqua
412 2247 480 2328 jam
503 2243 746 2329 praeexistente
775 2245 983 2319 fabricatum,
1006 2266 1121 2311 verum
1153 2265 1199 2310 ex
1230 2244 1329 2316 nihilo,

127 2371 223 2434 quum
243 2349 348 2415 onmis
367 2349 496 2415 omnino
517 2350 649 2415 abesset
678 2361 809 2434 praeter
832 2350 941 2415 Deum
962 2349 1162 2423 substantia,
1195 2347 1327 2415 immedi-

127 2465 178 2517 ate
193 2474 215 2517 a
232 2455 304 2520 Deo
322 2476 400 2521 esse
416 2455 598 2531 conditum,
620 2467 654 2519 et
674 2455 801 2540 quidem
822 2457 861 2520 ab
877 2456 949 2544 ipso
965 2457 1051 2522 nulla
1071 2456 1104 2520 vi
1121 2468 1178 2521 aut
1194 2454 1327 2522 necessi·

125 2569 192 2622 tate
203 2570 328 2634 coacto,
348 2560 408 2625 sed
424 2582 483 2626 sua
499 2571 614 2645 sponte
632 2581 672 2626 ac
688 2560 853 2626 voluntate
868 2560 1041 2629 liberrime
1051 2553 1115 2627 Est
1130 2573 1240 2627 autem
1257 2563 1326 2626 baec

208 2665 245 2728 Α.
259 2663 389 2730 delinita
403 2664 622 2730 doctrinaSS.
640 2665 895 2754 Litterarum
914 2676 982 2731 tum
996 2668 1034 2731 Α.
1056 2678 1122 2730 urm
1132 2667 1175 2730 N.
1190 2667 1233 2730 Τ.
1245 2662 1325 2746 Quod

126 2768 165 2830 ad
189 2768 229 2833 Α.
253 2767 296 2831 Τ.
316 2768 449 2835 attinet:
464 2769 587 2834 veritas
596 2770 648 2836 illa
666 2770 759 2834 nobis
781 2769 928 2856 inipsius
950 2769 1058 2837 limine
1082 2772 1236 2838 occurrit.
1255 2771 1324 2836 Nan

125 2870 301 2954 Moyses
334 2873 382 2939 sic
409 2874 576 2942 exorditur
603 2874 717 2941 librum
739 2875 930 2940 Geneseos:
962 2884 1004 2941 In
1025 2881 1186 2958 principio
1207 2882 1323 2952 crearit,

125 2981 225 3096 ⁸22⁹
246 2981 339 3045 eene
359 2987 492 3055 coelum,
512 2988 544 3044 ct
556 2989 678 3044 terram
692 2988 735 3055 7).
749 2980 825 3046 Vox
841 2987 931 3064 m]
949 2980 1077 3066 quidem
1094 2979 1192 3045 etiam
1200 2985 1321 3063 finam,

124 3172 184 3216 seu
206 3173 317 3214 creare
338 3174 383 3217 ear
406 3157 542 3216 materia
558 3157 766 3234 praejacente
788 3153 971 3242 significat,
1002 3165 1035 3218 et
1061 3154 1124 3217 boc
1150 3153 1318 3241 significatu

124 3255 266 3321 adbibita
292 3257 399 3321 statim
415 3256 549 3322 inferius
580 3265 609 3340 ⁸)
638 3258 789 3323 occurrit.
818 3260 970 3323 Attamen
992 3257 1024 3321 in
1050 3261 1123 3321 loco
1149 3270 1264 3323 nostro
1289 3256 1317 3318 de

124 3361 288 3425 creatione
313 3382 412 3425 sensu
438 3361 645 3428 strictissimo
671 3364 755 3428 sumi
780 3364 898 3449 debet3
937 3360 1085 3449 quoniam
1116 3381 1181 3426 non
1210 3372 1313 3426 matun

122 3466 208 3532 nulla
230 3488 366 3550 prorsus
391 3468 548 3536 materiae
572 3468 691 3535 mentio
719 3468 879 3553 injicitur,
910 3468 968 3533 sed
1001 3467 1040 3531 de
1060 3465 1208 3532 ulteriori
1230 3477 1310 3563 mate·

120 3660 373 3679 ..a—*-

155 3770 180 3836 1)
200 3769 244 3825 (ld.
269 3770 343 3824 illc.
368 3775 410 3823 De
436 3779 493 3824 not.
518 3775 593 3823 deor.
617 3774 639 3820 t
667 3775 695 3822 t.
721 3787 748 3824 s.
773 3775 822 3825 24.
848 3774 952 3831 Dedin.
969 3777 989 3824 l.
1016 3775 1043 3823 1.
1061 3787 1089 3824 s.
1120 3773 1138 3821 6
1165 3789 1200 3825 aa.
1217 3767 1303 3819 -bc

122 3863 242 3912 etant.
259 3863 301 3910 De
319 3863 361 3911 im
379 3858 814 3925 memorabamus

154 3947 178 4011 ²)
198 3949 238 4000 ct.
256 3945 346 4015 &alm
363 3946 551 4012 scortentur.
568 3943 676 4017 antrat.
695 3951 772 4003 1828.
790 3951 815 4000 3.
833 3945 870 4001 ii.
893 3951 927 4000 79
944 3964 988 4003 ss.

154 4033 179 4100 ³)
196 4038 239 4090 or.
256 4038 299 4091 ro.
317 4038 355 4096 rs.
374 4040 401 4091 a.
419 4035 456 4091 8.
474 4041 526 4091 aaa
544 4054 589 4092 ss.
607 4040 635 4093 r.
653 4036 691 4093 ut.
708 4053 735 4104 p.
754 4041 805 4091 aas
822 4053 848 4091 s.

154 4125 179 4194 ¹⁰)
198 4127 241 4180 Cf.
259 4127 303 4180 ld.
321 4125 358 4176 ib.
377 4123 416 4179 dl.
435 4129 461 4180 l.
480 4142 507 4192 p.
525 4128 576 4179 26l
595 4144 638 4179 ss.
656 4142 682 4194 p.
700 4130 755 4179 226
771 4142 815 4180 ss.
833 4129 885 4178 362
903 4141 946 4179 σε.

154 4209 177 4282 ⁵)
197 4216 240 4269 ct.
258 4214 425 4275 &taetros
450 4214 529 4270 nabat
552 4215 592 4269 tte
608 4215 700 4270 notua
724 4217 773 4270 unt
796 4219 842 4270 ten
868 4215 1000 4280 ustorum
1027 4216 1071 4269 ter
1089 4205 1296 4272 emmanuelis

120 4304 145 4363 b.
164 4301 464 4370 imitatuturum.
484 4309 559 4360 1786.

152 4392 178 4459 θ)
197 4397 240 4448 06.
258 4392 357 4460 Stis!
375 4410 403 4447 ο.
422 4409 448 4448 ο.
465 4398 493 4449 3.
511 4394 547 4450 e.
567 4413 592 4463 p.
613 4401 643 4450 17
663 4413 704 4452 ss.

154 4483 270 4546 ⁷)Gen.
291 4487 360 4545 1,1.

151 4571 177 4636 ⁸)
196 4589 222 4625 v.
241 4577 284 4627 27.
303 4574 371 4627 coll.
389 4574 414 4634 2,
432 4577 458 4629 7.

1364 3948 1366 4001 ι

1363 4004 1366 4105 l
