2926 5168
1277 203 1334 275 131

131 362 342 442 auidsacere,
363 378 440 420 nou
462 360 641 439 aliquem
657 359 697 419 in
719 353 932 436 operanda
952 364 1095 420 matum
1110 359 1181 421 itti
1198 360 1339 421 inem

128 450 354 545 iuteitiuimuc:
370 470 429 525 ced
455 464 523 540 ejus
545 467 755 541 rempiternae
780 463 953 526 uoluntatis
977 482 1128 533 uorum
1149 464 1357 547 aliquem.

130 572 349 650 significamur
366 569 573 648 effectum.
594 602 634 615 -
652 573 704 629 Ita
724 571 819 629 etiam
830 578 905 644 poet
923 569 974 629 rei
988 562 1235 649 completionem,
1256 571 1340 631 ciem

131 679 217 747 aute,
238 673 274 734 iu
295 672 403 735 codem
421 677 580 751 proposito
606 672 821 750 disparitionio
843 668 1109 745 conatumque
1138 662 1183 734 ita
1212 673 1248 734 id
1264 673 1342 735 vetit

129 777 325 856 completum,
347 780 433 839 sicut
451 785 526 839 aute
546 777 690 838 voluerat
709 775 933 856 complendum.
955 773 1049 837 Sicut
1067 796 1144 857 eruo
1164 777 1230 848 col,
1267 797 1338 838 cum

130 903 175 944 ea
196 882 304 945 calore
325 885 396 963 ejus
418 886 526 965 atiquo
547 883 687 963 calefieri
706 884 862 961 continuit
870 925 883 961 ,
915 881 1006 944 nulia
1026 883 1101 944 irinc
1121 886 1156 945 in
1176 888 1245 961 ipra
1254 926 1268 962 ‚
1289 884 1341 944 ael

129 995 165 1051 im
186 989 293 1050 calare
315 991 387 1064 ejue
407 993 537 1051 mutatio
554 991 600 1066 fit,
624 990 770 1067 quamuis
789 1008 844 1049 reo
865 988 940 1049 iude
961 987 1120 1066 calefacta
1140 991 1185 1050 cit
1197 995 1340 1051 mutata:

128 1099 175 1154 ito
195 1113 254 1155 nec
273 1092 373 1166 Deus,
394 1113 465 1154 cum
485 1092 597 1172 atiquo
618 1095 690 1172 ejuc
711 1112 793 1154 aava
808 1095 917 1172 suerit
935 1094 1111 1172 dimanare,
1132 1094 1201 1154 ideo
1220 1097 1340 1168 mutari

129 1199 284 1261 dicendus
304 1209 366 1278 cet,
387 1201 532 1280 quamvis
552 1200 627 1259 noui
648 1203 751 1277 aperie
772 1199 824 1259 cel
843 1200 1024 1260 mutationis
1051 1217 1160 1259 rerum
1181 1205 1339 1278 quaedam

128 1308 199 1382 ipre
219 1306 263 1364 eit
277 1323 379 1364 cauca
393 1307 445 1363 oei
460 1306 570 1364 auctor
585 1299 624 1386 ¹).
646 1304 726 1364 Hinc
744 1315 773 1363 et
792 1306 861 1363 ilias
879 1303 1096 1382 adpellationes
1115 1305 1337 1376 creatoris,

128 1411 298 1479 Domini,
320 1418 377 1470 etc.
397 1410 481 1468 Deus
504 1426 562 1467 non
581 1408 699 1468 demum
718 1409 827 1469 mundo
841 1417 943 1469 creato
966 1411 1137 1488 acquisivit,
1160 1406 1226 1478 sed,
1249 1429 1339 1489 quum

129 1514 244 1574 huncce
267 1513 383 1573 indcab
406 1523 531 1573 aeterno
554 1523 724 1584 creaturus,
747 1516 794 1573 vei
816 1515 915 1590 potius
938 1533 1048 1575 creans
1071 1522 1164 1585 esset,
1188 1516 1279 1574 ctiam
1301 1516 1337 1574 ab

128 1627 253 1679 aeterno
276 1620 403 1678 Creator
413 1626 457 1676 'oc
477 1620 625 1678 Dominus
646 1628 704 1684 etc.
724 1625 805 1687 erat,
836 1620 908 1678 iicet
925 1619 1053 1678 mundus
1075 1620 1112 1677 ab
1137 1629 1261 1679 aeterno
1278 1637 1336 1678 non

129 1726 171 1784 cit
190 1724 339 1794 conditus,
362 1724 406 1781 uti
428 1731 534 1783 noster
551 1723 654 1783 Judex
667 1733 724 1794 est,
748 1723 910 1801 etquidem
927 1725 1042 1800 pariter
1063 1720 1131 1784 inde
1148 1725 1184 1783 ah
1202 1733 1337 1794 aeterno,

130 1830 268 1907 quamvis
280 1828 414 1888 nondum
440 1829 536 1888 simus
554 1830 673 1905 abipso
688 1828 811 1904 judicati
834 1825 872 1911 ²).
894 1831 1021 1907 Insuper
1036 1829 1252 1907 adpellationcs
1268 1831 1338 1890 illae

128 1935 249 1994 nonnisi
269 1931 380 2014 σχέσεις
404 1941 549 1994 externae
570 1942 651 2006 sunt,
669 1952 745 2010 quae
764 1936 830 1994 Deo
853 1935 966 1993 nullam
989 1935 1209 2012 perfectionem
1225 1937 1338 2012 impor-

128 2049 203 2110 tant,
226 2041 269 2100 ita
286 2048 330 2110 ut,
353 2040 472 2099 etiamsi
493 2048 691 2108 statueretur,
713 2041 782 2099 illas
806 2041 840 2099 ad
865 2041 996 2099 divinam
1012 2040 1213 2100 substantiam
1234 2058 1336 2100 acces·

128 2139 227 2214 sione,
249 2139 336 2203 Deus
359 2162 414 2223 per
435 2162 487 2203 eas
511 2144 676 2220 perfectior
704 2145 802 2205 iactus
832 2146 890 2204 dici
912 2145 991 2204 haud
1009 2155 1131 2221 posset,
1162 2155 1253 2223 prout
1270 2147 1337 2204 Au·

127 2250 320 2328 guntinus
334 2249 421 2308 docet
446 2249 532 2308 hisce
556 2249 674 2309 verbis:
701 2248 864 2322 Quomodo
883 2249 1103 2322 otuuettmu,
1122 2248 1204 2310 mittit
1219 2267 1338 2310 recun-

126 2353 201 2413 dum
220 2352 368 2413 occiderer
386 2356 449 2414 dici
462 2352 651 2423 neumata
669 2355 745 2432 quia
760 2355 862 2432 ipriue
876 2359 1014 2415 naturae
1027 2354 1111 2415 reiicit
1127 2354 1252 2426 accidit,
1274 2372 1336 2434 quc
1360 2385 1363 2391 ·

126 2461 276 2529 mutetur,
298 2463 334 2518 ut
349 2477 387 2519 ea
405 2460 470 2518 siut
489 2456 664 2518 accidentia
679 2456 825 2530 relatiua,
847 2477 1018 2539 quaecum
1033 2458 1146 2538 aliqua
1166 2462 1337 2520 minatione

126 2579 250 2639 rerum,
272 2561 311 2621 de
328 2564 444 2642 quitur
457 2562 617 2640 dicuntur,
640 2562 797 2626 acciiiuut.
820 2597 860 2609 -
874 2561 1032 2626 Nummus
1050 2582 1125 2625 cum
1139 2563 1256 2624 dicitur
1265 2564 1336 2642 pre·

127 2673 214 2737 tium,
236 2668 367 2726 relative
382 2666 508 2744 dicitur,
529 2685 591 2728 uec
606 2673 712 2729 tantem
726 2672 867 2729 mutatus
885 2675 945 2746 eet,
969 2677 1042 2730 cum
1057 2687 1128 2729 ecce
1145 2669 1247 2747 caepit
1256 2686 1337 2747 pre·

125 2774 225 2832 tium:
246 2789 349 2849 aeaeae
376 2790 448 2831 oum
474 2773 590 2834 dicitur
610 2774 750 2851 piquue,
781 2779 812 2833 et
827 2776 858 2833 oi
882 2792 946 2854 qua
961 2783 1040 2835 cam
1054 2772 1182 2834 cimilia.
1206 2775 1240 2833 Si
1261 2792 1337 2851 erac

124 2895 275 2938 nummus
297 2881 403 2953 potest
423 2876 514 2938 nulla
539 2880 592 2938 oui
611 2882 783 2940 mutatione
803 2881 893 2940 toties
915 2878 978 2940 dici
997 2878 1147 2952 relative,
1176 2887 1212 2938 ut
1232 2896 1337 2958 neque

125 2999 198 3042 oum
214 2983 326 3058 incipit
342 2983 414 3054 dici,
437 3001 539 3060 aeque
559 3001 630 3043 cum
646 2984 770 3055 decinit,
794 2980 918 3064 aliquid
927 2988 962 3043 iu
977 2985 1045 3060 ejus
1060 2989 1179 3044 natura
1191 2982 1246 3044 rei
1262 2983 1335 3050 far·

124 3105 197 3156 ma,
225 3103 290 3167 qua
309 3087 458 3147 nummuo
482 3092 545 3164 cst,
569 3090 750 3149 mutationis
778 3091 856 3168 flat:
883 3094 1002 3169 quauta
1028 3086 1166 3167 facilius
1207 3087 1246 3147 de
1276 3085 1334 3147 rua

124 3191 375 3252 incommutabili
404 3191 467 3255 Dei
496 3195 677 3256 eutelamio
707 3193 857 3254 debemus
878 3195 1044 3273 accipere,
1072 3201 1110 3253 ut
1136 3196 1193 3252 ita
1209 3193 1336 3252 dicatur

124 3298 258 3358 relative
279 3296 405 3379 aliarud
432 3298 476 3358 ad
502 3308 702 3374 creaturam,
731 3303 769 3359 ut
794 3300 939 3377 quamvis
966 3297 1178 3378 teruparaiiter
1203 3298 1336 3376 incipiat

125 3403 199 3476 aiei,
220 3420 286 3464 nau
309 3410 414 3463 tamea
429 3405 493 3479 ipoi
506 3405 703 3465 mictantiae
719 3403 784 3464 Dei
802 3402 958 3464 accidisse
979 3401 1103 3484 aliquid
1121 3401 1331 3482 inteiliyatur,
1411 3449 1414 3455 .

123 3508 185 3568 ced
197 3507 247 3568 itu·
262 3515 442 3581 creaturae,
460 3509 608 3590 adquam
622 3510 736 3570 dicitur
748 3515 789 3582 ³).
800 3542 839 3557 -
849 3511 951 3586 Neque
965 3528 1057 3586 porro
1076 3528 1132 3586 per
1147 3507 1332 3567 iucarnatio-

124 3631 195 3672 nem
212 3615 297 3672 Deus
316 3614 492 3674 immutatus
511 3623 578 3698 θεῖς
601 3614 739 3693 quoniam
755 3615 882 3673 mutatio
909 3615 940 3672 in
958 3613 1037 3672 aliud
1058 3613 1125 3672 fieri
1143 3631 1202 3672 nou
1219 3621 1331 3690 potest,

125 3718 186 3776 niai
204 3735 275 3777 ease
292 3715 420 3786 declam,
444 3717 518 3795 quod
542 3719 626 3795 prius
642 3720 759 3785 iuerat3
781 3720 812 3778 in
829 3714 1041 3779 lncarnatione
1058 3728 1159 3779 autem
1180 3719 1265 3777 Deus
1286 3718 1330 3775 cic

159 3947 185 4012 ¹)
203 3953 304 4002 lotroci.
322 3952 351 4003 in
370 3953 542 4005 1210113.
561 3966 586 4002 a.
606 3955 633 4002 6.
652 3948 725 4015 Opp.
743 3948 807 4001 Par.
827 3952 903 4003 1616.
921 3965 949 4018 p.
970 3951 1045 4003 1125.

156 4033 183 4104 ²)
203 4038 246 4092 cf.
271 4039 404 4105 cyrill.
427 4037 528 4092 Alex.
556 4043 681 4092 Tuccam.
707 4045 807 4092 Arcert.
833 4044 864 4092 4.
890 4038 962 4107 Opp.
988 4041 1022 4092 Τ.
1046 4040 1071 4089 5.
1087 4040 1120 4091 Ρ.
1141 4042 1164 4090 1.
1191 4053 1218 4104 ρ.
1235 4040 1279 4092 32.
1297 4061 1349 4074 -“

127 4129 284 4183 zachur.
303 4125 424 4192 nimyl.
447 4131 701 4188 ”cinanmomum
722 4129 754 4178 In
772 4127 943 4180 Gciiand.
969 4132 1099 4181 artuum
1118 4131 1171 4178 ΡΡ.
1190 4129 1224 4180 Τ.
1244 4129 1284 4179 11.
1301 4141 1331 4193 p.

126 4221 183 4271 ico.
203 4217 239 4271 Β.
258 4218 291 4272 c.
308 4243 341 4258 -
358 4217 453 4270 Maxi
464 4231 500 4270 m.
518 4210 625 4271 citatur.
642 4224 674 4272 4.
694 4222 737 4271 ne
754 4223 832 4271 carri·
850 4236 878 4271 a.
897 4222 924 4275 a.
943 4220 1015 4271 nior.
1033 4220 1089 4269 rr.
1107 4231 1179 4269 maa.
1203 4213 1332 4281 nugam.

126 4307 158 4362 Τ.
178 4308 221 4358 12.
240 4321 268 4372 p.
287 4307 347 4359 net.

153 4391 181 4462 ³)
200 4399 243 4447 De
262 4399 355 4449 t'riait.
373 4402 393 4448 1.
412 4402 441 4449 6.
461 4412 486 4449 c.
506 4399 553 4447 16.
574 4413 602 4449 m
622 4393 670 4447 ir.
689 4394 760 4460 Opp.
779 4395 814 4447 Τ.
832 4395 859 4447 8.
877 4408 901 4445 c.
918 4395 979 4447 812.
1007 4393 1049 4446 (if.
1076 4396 1200 4454 Conferet
1217 4399 1237 4446 1.
1258 4399 1286 4446 1.
1305 4410 1332 4447 c.

121 4490 150 4544 4.
169 4486 305 4539 11.4.Τ.
325 4489 347 4539 1.
366 4488 635 4538 6711166131).
654 4487 672 4534 l.
692 4482 785 4537 12.ι·.
806 4487 854 4535 14.
879 4483 912 4534 Τ.
929 4486 955 4536 7.
975 4497 999 4535 c.
1019 4485 1078 4535 312.
1102 4501 1126 4534 c.
1147 4489 1194 4535 17.
1213 4501 1241 4536 rt.
1259 4487 1287 4536 2.
1306 4498 1330 4535 c.

120 4575 173 4630 316
191 4575 325 4629 3.-111.
343 4575 362 4625 J
369 4575 484 4632 notin.
505 4579 612 4642 (tuaest,
631 4580 667 4626 aa
687 4576 793 4627 ormari.
813 4591 837 4638 a.
856 4577 926 4626 113.
943 4573 1014 4640 Opp.
1028 4575 1047 4624 3
1054 4572 1172 4625 nstin.
1191 4586 1219 4638 p.
1232 4574 1284 4623 626
1306 4587 1331 4623 o.

1068 4665 1090 4694 n
1111 4658 1129 4694 n
1185 4679 1190 4684 -
