<?xml version="1.0" encoding="UTF-8"?>
<!DOCTYPE html PUBLIC "-//W3C//DTD XHTML 1.0 Transitional//EN"
    "http://www.w3.org/TR/xhtml1/DTD/xhtml1-transitional.dtd">
<html xmlns="http://www.w3.org/1999/xhtml" xml:lang="en" lang="en">
 <head>
  <title>
</title>
<meta http-equiv="Content-Type" content="text/html;charset=utf-8" />
  <meta name='ocr-system' content='tesseract 3.04.00' />
  <meta name='ocr-capabilities' content='ocr_page ocr_carea ocr_par ocr_line ocrx_word'/>
</head>
<body>
  <div class='ocr_page' id='page_1' title='image "./theologiadogmat01schwgoog_0153.png"; bbox 0 0 2926 5168; ppageno 0'>
   <div class='ocr_carea' id='block_1_1' title="bbox 196 218 256 285">
    <p class='ocr_par' dir='ltr' id='par_1_1' title="bbox 196 218 256 285">
     <span class='ocr_line' id='line_1_1' title="bbox 196 218 256 285; baseline 0.067 -4"><span class='ocrx_word' id='word_1_1' title='bbox 196 218 256 285; x_wconf 79' lang='grc'><strong><em>136</em></strong></span> 
     </span>
    </p>
   </div>
   <div class='ocr_carea' id='block_1_2' title="bbox 186 367 1417 3921">
    <p class='ocr_par' dir='ltr' id='par_1_2' title="bbox 189 367 1399 1181">
     <span class='ocr_line' id='line_1_2' title="bbox 192 367 1396 455; baseline 0.002 -24"><span class='ocrx_word' id='word_1_2' title='bbox 192 367 297 432; x_wconf 90' lang='lat' dir='ltr'><strong><em>minus</em></strong></span> <span class='ocrx_word' id='word_1_3' title='bbox 329 376 374 444; x_wconf 84' lang='lat'><strong><em>¹),</em></strong></span> <span class='ocrx_word' id='word_1_4' title='bbox 405 368 489 430; x_wconf 88' lang='lat' dir='ltr'><strong><em>unde</em></strong></span> <span class='ocrx_word' id='word_1_5' title='bbox 518 378 550 430; x_wconf 88' lang='lat' dir='ltr'><strong><em>et</em></strong></span> <span class='ocrx_word' id='word_1_6' title='bbox 569 376 659 430; x_wconf 71' lang='lat' dir='ltr'><strong><em>Iter</em></strong></span> <span class='ocrx_word' id='word_1_7' title='bbox 689 370 1000 432; x_wconf 82' lang='lat' dir='ltr'><strong><em>saeculoruma</em></strong></span> <span class='ocrx_word' id='word_1_8' title='bbox 1027 367 1127 432; x_wconf 84' lang='lat' dir='ltr'><strong><em>Paulo</em></strong></span> <span class='ocrx_word' id='word_1_9' title='bbox 1150 368 1396 455; x_wconf 79' lang='lat' dir='ltr'><strong>cognominatur</strong></span> 
     </span>
     <span class='ocr_line' id='line_1_3' title="bbox 191 475 1397 557; baseline 0.002 -20"><span class='ocrx_word' id='word_1_10' title='bbox 191 476 291 554; x_wconf 61' lang='grc' dir='ltr'><strong><em>Περὶ</em></strong></span> <span class='ocrx_word' id='word_1_11' title='bbox 311 482 416 535; x_wconf 85' lang='lat' dir='ltr'><strong><em>autem</em></strong></span> <span class='ocrx_word' id='word_1_12' title='bbox 437 481 587 535; x_wconf 82' lang='lat' dir='ltr'><strong><em>saecul</em></strong></span> <span class='ocrx_word' id='word_1_13' title='bbox 593 493 700 534; x_wconf 89' lang='lat' dir='ltr'><strong><em>orum</em></strong></span> <span class='ocrx_word' id='word_1_14' title='bbox 720 476 900 555; x_wconf 72' lang='lat' dir='ltr'><em>immortali,</em></span> <span class='ocrx_word' id='word_1_15' title='bbox 922 476 1090 555; x_wconf 71' lang='lat' dir='ltr'><strong><em>invisibili,</em></strong></span> <span class='ocrx_word' id='word_1_16' title='bbox 1111 475 1172 536; x_wconf 91' lang='lat' dir='ltr'><strong><em>soli</em></strong></span> <span class='ocrx_word' id='word_1_17' title='bbox 1192 477 1262 537; x_wconf 85' lang='lat' dir='ltr'><strong><em>Deo</em></strong></span> <span class='ocrx_word' id='word_1_18' title='bbox 1284 476 1397 557; x_wconf 74' lang='lat' dir='ltr'><strong><em>honor,</em></strong></span> 
     </span>
     <span class='ocr_line' id='line_1_4' title="bbox 191 579 1397 664; baseline -0.001 -21"><span class='ocrx_word' id='word_1_19' title='bbox 191 589 223 643; x_wconf 83' lang='lat' dir='ltr'><strong><em>et</em></strong></span> <span class='ocrx_word' id='word_1_20' title='bbox 241 582 347 658; x_wconf 75' lang='lat' dir='ltr'><strong><em>qloria</em></strong></span> <span class='ocrx_word' id='word_1_21' title='bbox 367 583 402 641; x_wconf 85' lang='lat' dir='ltr'><strong><em>iu</em></strong></span> <span class='ocrx_word' id='word_1_22' title='bbox 423 582 554 642; x_wconf 84' lang='lat' dir='ltr'><strong><em>soeculo</em></strong></span> <span class='ocrx_word' id='word_1_23' title='bbox 574 585 777 640; x_wconf 75' lang='lat' dir='ltr'><strong><em>soeculorum</em></strong></span> <span class='ocrx_word' id='word_1_24' title='bbox 793 579 831 664; x_wconf 80' lang='lat'><strong><em>²).</em></strong></span> <span class='ocrx_word' id='word_1_25' title='bbox 855 579 918 654; x_wconf 81' lang='lat' dir='ltr'><strong><em>Qui</em></strong></span> <span class='ocrx_word' id='word_1_26' title='bbox 938 586 1027 642; x_wconf 82' lang='lat' dir='ltr'><strong><em>solus</em></strong></span> <span class='ocrx_word' id='word_1_27' title='bbox 1047 579 1144 640; x_wconf 77' lang='lat' dir='ltr'><strong><em>natet</em></strong></span> <span class='ocrx_word' id='word_1_28' title='bbox 1161 581 1174 639; x_wconf 92' lang='lat' dir='ltr'><strong><em>i</em></strong></span> <span class='ocrx_word' id='word_1_29' title='bbox 1181 582 1397 643; x_wconf 83' lang='lat' dir='ltr'><strong><em>mmortoii·</em></strong></span> 
     </span>
     <span class='ocr_line' id='line_1_5' title="bbox 190 683 1398 769; baseline 0.002 -22"><span class='ocrx_word' id='word_1_30' title='bbox 190 691 326 758; x_wconf 83' lang='lat' dir='ltr'><strong><em>tetem,</em></strong></span> <span class='ocrx_word' id='word_1_31' title='bbox 349 683 368 747; x_wconf 86' lang='lat' dir='ltr'><strong><em>i.</em></strong></span> <span class='ocrx_word' id='word_1_32' title='bbox 389 704 416 747; x_wconf 88' lang='lat' dir='ltr'><strong><em>e.</em></strong></span> <span class='ocrx_word' id='word_1_33' title='bbox 440 684 493 769; x_wconf 89' lang='lat' dir='ltr'><strong><em>qui</em></strong></span> <span class='ocrx_word' id='word_1_34' title='bbox 511 685 601 747; x_wconf 89' lang='lat' dir='ltr'><strong><em>solus</em></strong></span> <span class='ocrx_word' id='word_1_35' title='bbox 621 704 699 748; x_wconf 89' lang='lat' dir='ltr'><strong><em>vere</em></strong></span> <span class='ocrx_word' id='word_1_36' title='bbox 721 695 794 758; x_wconf 87' lang='lat' dir='ltr'><strong><em>est,</em></strong></span> <span class='ocrx_word' id='word_1_37' title='bbox 822 684 868 748; x_wconf 85' lang='lat' dir='ltr'><strong><em>ita</em></strong></span> <span class='ocrx_word' id='word_1_38' title='bbox 885 695 919 747; x_wconf 89' lang='lat' dir='ltr'><strong><em>ut</em></strong></span> <span class='ocrx_word' id='word_1_39' title='bbox 940 705 1003 746; x_wconf 89' lang='lat' dir='ltr'><strong><em>non</em></strong></span> <span class='ocrx_word' id='word_1_40' title='bbox 1019 683 1124 767; x_wconf 81' lang='lat' dir='ltr'><strong><em>possit</em></strong></span> <span class='ocrx_word' id='word_1_41' title='bbox 1141 703 1203 746; x_wconf 88' lang='lat' dir='ltr'><strong><em>non</em></strong></span> <span class='ocrx_word' id='word_1_42' title='bbox 1227 704 1327 761; x_wconf 86' lang='lat' dir='ltr'><strong><em>esse,</em></strong></span> <span class='ocrx_word' id='word_1_43' title='bbox 1349 687 1398 750; x_wconf 84' lang='lat' dir='ltr'><strong><em>vel</em></strong></span> 
     </span>
     <span class='ocr_line' id='line_1_6' title="bbox 190 786 1398 873; baseline 0.002 -21"><span class='ocrx_word' id='word_1_44' title='bbox 190 786 288 852; x_wconf 85' lang='lat' dir='ltr'><strong><em>etism</em></strong></span> <span class='ocrx_word' id='word_1_45' title='bbox 304 787 367 852; x_wconf 84' lang='lat' dir='ltr'><strong><em>aiio</em></strong></span> <span class='ocrx_word' id='word_1_46' title='bbox 385 789 481 853; x_wconf 89' lang='lat' dir='ltr'><strong><em>modo</em></strong></span> <span class='ocrx_word' id='word_1_47' title='bbox 497 810 583 863; x_wconf 88' lang='lat' dir='ltr'><strong><em>esse,</em></strong></span> <span class='ocrx_word' id='word_1_48' title='bbox 603 810 642 854; x_wconf 85' lang='lat' dir='ltr'><strong><em>eo</em></strong></span> <span class='ocrx_word' id='word_1_49' title='bbox 661 801 712 853; x_wconf 84' lang='lat' dir='ltr'><strong><em>est</em></strong></span> <span class='ocrx_word' id='word_1_50' title='bbox 728 788 764 873; x_wconf 79' lang='lat'><strong><em>³).</em></strong></span> <span class='ocrx_word' id='word_1_51' title='bbox 786 789 880 867; x_wconf 81' lang='lat' dir='ltr'><strong><em>Quod</em></strong></span> <span class='ocrx_word' id='word_1_52' title='bbox 894 787 1015 872; x_wconf 87' lang='lat' dir='ltr'><strong><em>pariter</em></strong></span> <span class='ocrx_word' id='word_1_53' title='bbox 1029 788 1132 852; x_wconf 85' lang='lat' dir='ltr'><strong><em>verba</em></strong></span> <span class='ocrx_word' id='word_1_54' title='bbox 1146 789 1261 853; x_wconf 87' lang='lat' dir='ltr'><strong><em>Petri</em></strong></span> <span class='ocrx_word' id='word_1_55' title='bbox 1278 790 1398 854; x_wconf 84' lang='lat' dir='ltr'><strong><em>edisse·</em></strong></span> 
     </span>
     <span class='ocr_line' id='line_1_7' title="bbox 189 894 1399 975; baseline 0 -18"><span class='ocrx_word' id='word_1_56' title='bbox 189 905 281 958; x_wconf 88' lang='lat' dir='ltr'><strong><em>runt:</em></strong></span> <span class='ocrx_word' id='word_1_57' title='bbox 307 895 427 958; x_wconf 85' lang='lat' dir='ltr'><strong><em>Unus</em></strong></span> <span class='ocrx_word' id='word_1_58' title='bbox 447 897 536 957; x_wconf 84' lang='lat' dir='ltr'><strong><em>dies</em></strong></span> <span class='ocrx_word' id='word_1_59' title='bbox 558 896 645 975; x_wconf 81' lang='lat' dir='ltr'><strong><em>apud</em></strong></span> <span class='ocrx_word' id='word_1_60' title='bbox 656 897 823 957; x_wconf 84' lang='lat' dir='ltr'><strong><em>Dominum</em></strong></span> <span class='ocrx_word' id='word_1_61' title='bbox 843 899 959 956; x_wconf 84' lang='lat' dir='ltr'><strong><em>sieut</em></strong></span> <span class='ocrx_word' id='word_1_62' title='bbox 977 896 1088 956; x_wconf 84' lang='lat' dir='ltr'><strong><em>mille</em></strong></span> <span class='ocrx_word' id='word_1_63' title='bbox 1109 894 1218 974; x_wconf 80' lang='lat' dir='ltr'><strong><em>unni,</em></strong></span> <span class='ocrx_word' id='word_1_64' title='bbox 1241 902 1274 957; x_wconf 80' lang='lat' dir='ltr'><strong><em>et</em></strong></span> <span class='ocrx_word' id='word_1_65' title='bbox 1294 898 1399 958; x_wconf 86' lang='lat' dir='ltr'><strong><em>mille</em></strong></span> 
     </span>
     <span class='ocr_line' id='line_1_8' title="bbox 190 998 1398 1085; baseline 0.002 -23"><span class='ocrx_word' id='word_1_66' title='bbox 190 1007 289 1062; x_wconf 80' lang='lat' dir='ltr'><strong><em>enni</em></strong></span> <span class='ocrx_word' id='word_1_67' title='bbox 309 1004 424 1062; x_wconf 86' lang='lat' dir='ltr'><strong><em>sieut</em></strong></span> <span class='ocrx_word' id='word_1_68' title='bbox 442 1002 533 1062; x_wconf 86' lang='lat' dir='ltr'><strong><em>dies</em></strong></span> <span class='ocrx_word' id='word_1_69' title='bbox 550 1021 663 1074; x_wconf 85' lang='lat' dir='ltr'><strong><em>unus,</em></strong></span> <span class='ocrx_word' id='word_1_70' title='bbox 684 1008 794 1082; x_wconf 79' lang='lat' dir='ltr'>utpote</span> <span class='ocrx_word' id='word_1_71' title='bbox 814 998 896 1083; x_wconf 84' lang='lat' dir='ltr'><strong><em>opud</em></strong></span> <span class='ocrx_word' id='word_1_72' title='bbox 913 1019 1007 1084; x_wconf 88' lang='lat' dir='ltr'><strong><em>quem</em></strong></span> <span class='ocrx_word' id='word_1_73' title='bbox 1029 999 1114 1064; x_wconf 81' lang='lat' dir='ltr'><strong><em>nulla</em></strong></span> <span class='ocrx_word' id='word_1_74' title='bbox 1130 999 1288 1085; x_wconf 86' lang='lat' dir='ltr'><strong><em>temporis</em></strong></span> <span class='ocrx_word' id='word_1_75' title='bbox 1305 999 1398 1065; x_wconf 83' lang='lat' dir='ltr'><strong><em>fluxio</em></strong></span> 
     </span>
     <span class='ocr_line' id='line_1_9' title="bbox 193 1103 601 1181; baseline -0.007 -12"><span class='ocrx_word' id='word_1_76' title='bbox 193 1125 232 1169; x_wconf 82' lang='lat' dir='ltr'><strong><em>ao</em></strong></span> <span class='ocrx_word' id='word_1_77' title='bbox 247 1103 428 1169; x_wconf 82' lang='lat' dir='ltr'><strong><em>differentia</em></strong></span> <span class='ocrx_word' id='word_1_78' title='bbox 447 1105 539 1168; x_wconf 81' lang='lat' dir='ltr'><strong><em>datur</em></strong></span> <span class='ocrx_word' id='word_1_79' title='bbox 561 1112 601 1181; x_wconf 75' lang='grc'><strong><em>4).</em></strong></span> 
     </span>
    </p>

    <p class='ocr_par' dir='ltr' id='par_1_3' title="bbox 186 1208 1417 3921">
     <span class='ocr_line' id='line_1_10' title="bbox 274 1208 1397 1298; baseline 0.004 -26"><span class='ocrx_word' id='word_1_80' title='bbox 274 1209 313 1277; x_wconf 92' lang='grc' dir='ltr'><strong>Β.</strong></span> <span class='ocrx_word' id='word_1_81' title='bbox 327 1209 383 1274; x_wconf 84' lang='lat' dir='ltr'><strong><em>Tr</em></strong></span> <span class='ocrx_word' id='word_1_82' title='bbox 392 1230 410 1273; x_wconf 84' lang='lat' dir='ltr'>a</span> <span class='ocrx_word' id='word_1_83' title='bbox 420 1211 438 1272; x_wconf 87' lang='lat' dir='ltr'><strong><em>d</em></strong></span> <span class='ocrx_word' id='word_1_84' title='bbox 450 1209 460 1273; x_wconf 94' lang='lat' dir='ltr'><strong><em>i</em></strong></span> <span class='ocrx_word' id='word_1_85' title='bbox 471 1210 498 1274; x_wconf 93' lang='lat' dir='ltr'><strong><em>ti</em></strong></span> <span class='ocrx_word' id='word_1_86' title='bbox 507 1230 536 1273; x_wconf 88' lang='lat' dir='ltr'><strong><em>o.</em></strong></span> <span class='ocrx_word' id='word_1_87' title='bbox 549 1208 743 1274; x_wconf 82' lang='lat' dir='ltr'><strong><em>Certissima</em></strong></span> <span class='ocrx_word' id='word_1_88' title='bbox 753 1220 805 1272; x_wconf 91' lang='lat' dir='ltr'><strong><em>est</em></strong></span> <span class='ocrx_word' id='word_1_89' title='bbox 816 1210 897 1273; x_wconf 87' lang='lat' dir='ltr'><strong><em>haee</em></strong></span> <span class='ocrx_word' id='word_1_90' title='bbox 908 1221 941 1273; x_wconf 93' lang='lat' dir='ltr'><strong><em>et</em></strong></span> <span class='ocrx_word' id='word_1_91' title='bbox 951 1211 1143 1298; x_wconf 81' lang='lat' dir='ltr'><strong><em>pervulgata</em></strong></span> <span class='ocrx_word' id='word_1_92' title='bbox 1154 1211 1217 1275; x_wconf 81' lang='lat' dir='ltr'><strong><em>SS.</em></strong></span> <span class='ocrx_word' id='word_1_93' title='bbox 1229 1211 1330 1276; x_wconf 85' lang='lat' dir='ltr'><strong><em>Patr</em></strong></span> <span class='ocrx_word' id='word_1_94' title='bbox 1341 1234 1360 1276; x_wconf 93' lang='lat' dir='ltr'><strong><em>u</em></strong></span> <span class='ocrx_word' id='word_1_95' title='bbox 1371 1234 1397 1276; x_wconf 90' lang='lat' dir='ltr'><strong><em>m</em></strong></span> 
     </span>
     <span class='ocr_line' id='line_1_11' title="bbox 194 1313 1401 1401; baseline 0.002 -23"><span class='ocrx_word' id='word_1_96' title='bbox 194 1313 349 1379; x_wconf 84' lang='lat' dir='ltr'><strong><em>doctrina.</em></strong></span> <span class='ocrx_word' id='word_1_97' title='bbox 374 1313 611 1401; x_wconf 77' lang='lat' dir='ltr'><strong><em>Gregorius</em></strong></span> <span class='ocrx_word' id='word_1_98' title='bbox 632 1315 730 1382; x_wconf 84' lang='lat' dir='ltr'><strong><em>Nan.</em></strong></span> <span class='ocrx_word' id='word_1_99' title='bbox 751 1313 830 1380; x_wconf 87' lang='lat' dir='ltr'><strong><em>ait:</em></strong></span> <span class='ocrx_word' id='word_1_100' title='bbox 853 1318 967 1378; x_wconf 83' lang='lat' dir='ltr'><strong><em>Deus</em></strong></span> <span class='ocrx_word' id='word_1_101' title='bbox 989 1324 1026 1378; x_wconf 87' lang='lat' dir='ltr'><strong><em>et</em></strong></span> <span class='ocrx_word' id='word_1_102' title='bbox 1046 1325 1136 1380; x_wconf 80' lang='lat' dir='ltr'><strong><em>eret</em></strong></span> <span class='ocrx_word' id='word_1_103' title='bbox 1155 1338 1341 1400; x_wconf 82' lang='lat' dir='ltr'><strong><em>semper,</em></strong></span> <span class='ocrx_word' id='word_1_104' title='bbox 1365 1326 1401 1380; x_wconf 85' lang='lat' dir='ltr'><strong><em>et</em></strong></span> 
     </span>
     <span class='ocr_line' id='line_1_12' title="bbox 190 1423 1401 1504; baseline 0.003 -21"><span class='ocrx_word' id='word_1_105' title='bbox 190 1429 264 1500; x_wconf 86' lang='lat' dir='ltr'><strong><em>est,</em></strong></span> <span class='ocrx_word' id='word_1_106' title='bbox 288 1427 328 1481; x_wconf 87' lang='lat' dir='ltr'><strong><em>et</em></strong></span> <span class='ocrx_word' id='word_1_107' title='bbox 347 1427 447 1482; x_wconf 81' lang='lat' dir='ltr'><strong><em>erit:</em></strong></span> <span class='ocrx_word' id='word_1_108' title='bbox 469 1428 520 1482; x_wconf 84' lang='lat' dir='ltr'><strong><em>oel</em></strong></span> <span class='ocrx_word' id='word_1_109' title='bbox 544 1429 580 1483; x_wconf 86' lang='lat' dir='ltr'><strong><em>ut</em></strong></span> <span class='ocrx_word' id='word_1_110' title='bbox 602 1428 721 1484; x_wconf 78' lang='lat' dir='ltr'><strong><em>rectius</em></strong></span> <span class='ocrx_word' id='word_1_111' title='bbox 736 1423 859 1504; x_wconf 83' lang='lat' dir='ltr'><strong><em>loquar,</em></strong></span> <span class='ocrx_word' id='word_1_112' title='bbox 881 1442 1038 1501; x_wconf 77' lang='lat' dir='ltr'><strong><em>sernper</em></strong></span> <span class='ocrx_word' id='word_1_113' title='bbox 1059 1431 1128 1486; x_wconf 79' lang='lat' dir='ltr'><strong><em>est.</em></strong></span> <span class='ocrx_word' id='word_1_114' title='bbox 1150 1424 1238 1485; x_wconf 88' lang='lat' dir='ltr'><strong><em>Nom</em></strong></span> <span class='ocrx_word' id='word_1_115' title='bbox 1256 1433 1348 1498; x_wconf 85' lang='lat' dir='ltr'><strong><em>erut,</em></strong></span> <span class='ocrx_word' id='word_1_116' title='bbox 1371 1435 1401 1488; x_wconf 84' lang='lat' dir='ltr'><strong><em>et</em></strong></span> 
     </span>
     <span class='ocr_line' id='line_1_13' title="bbox 193 1530 1400 1609; baseline 0.003 -22"><span class='ocrx_word' id='word_1_117' title='bbox 193 1531 272 1599; x_wconf 86' lang='lat' dir='ltr'><strong><em>erit,</em></strong></span> <span class='ocrx_word' id='word_1_118' title='bbox 301 1532 402 1588; x_wconf 81' lang='lat' dir='ltr'><strong><em>nostri</em></strong></span> <span class='ocrx_word' id='word_1_119' title='bbox 435 1531 603 1606; x_wconf 79' lang='lat' dir='ltr'><strong><em>tentporis,</em></strong></span> <span class='ocrx_word' id='word_1_120' title='bbox 632 1530 809 1609; x_wconf 63' lang='lat' dir='ltr'><strong><em>[lunaeque</em></strong></span> <span class='ocrx_word' id='word_1_121' title='bbox 842 1537 979 1591; x_wconf 80' lang='lat' dir='ltr'><strong><em>naturae</em></strong></span> <span class='ocrx_word' id='word_1_122' title='bbox 1010 1536 1171 1607; x_wconf 72' lang='lat' dir='ltr'><strong><em>seymeuto</em></strong></span> <span class='ocrx_word' id='word_1_123' title='bbox 1196 1538 1284 1596; x_wconf 82' lang='lat' dir='ltr'><strong><em>sunt.</em></strong></span> <span class='ocrx_word' id='word_1_124' title='bbox 1319 1531 1400 1593; x_wconf 82' lang='lat' dir='ltr'><strong><em>Ille</em></strong></span> 
     </span>
     <span class='ocr_line' id='line_1_14' title="bbox 191 1638 1402 1713; baseline 0.002 -19"><span class='ocrx_word' id='word_1_125' title='bbox 191 1639 331 1694; x_wconf 81' lang='lat' dir='ltr'><strong><em>eutem</em></strong></span> <span class='ocrx_word' id='word_1_126' title='bbox 352 1652 512 1710; x_wconf 82' lang='lat' dir='ltr'><strong><em>semper</em></strong></span> <span class='ocrx_word' id='word_1_127' title='bbox 533 1641 605 1712; x_wconf 83' lang='lat' dir='ltr'><strong><em>est,</em></strong></span> <span class='ocrx_word' id='word_1_128' title='bbox 626 1639 720 1712; x_wconf 78' lang='lat' dir='ltr'><strong><em>utque</em></strong></span> <span class='ocrx_word' id='word_1_129' title='bbox 736 1639 795 1694; x_wconf 83' lang='lat' dir='ltr'><strong><em>noe</em></strong></span> <span class='ocrx_word' id='word_1_130' title='bbox 814 1641 905 1696; x_wconf 92' lang='lat' dir='ltr'><strong><em>modo</em></strong></span> <span class='ocrx_word' id='word_1_131' title='bbox 924 1638 1065 1713; x_wconf 82' lang='lat' dir='ltr'><strong><em>seipsum</em></strong></span> <span class='ocrx_word' id='word_1_132' title='bbox 1083 1639 1247 1713; x_wconf 85' lang='lat' dir='ltr'><strong><em>nominat,</em></strong></span> <span class='ocrx_word' id='word_1_133' title='bbox 1279 1643 1402 1698; x_wconf 86' lang='lat' dir='ltr'><strong><em>eumin</em></strong></span> 
     </span>
     <span class='ocr_line' id='line_1_15' title="bbox 190 1736 1402 1820; baseline 0.004 -22"><span class='ocrx_word' id='word_1_134' title='bbox 190 1745 295 1798; x_wconf 84' lang='lat' dir='ltr'><strong><em>monte</em></strong></span> <span class='ocrx_word' id='word_1_135' title='bbox 315 1737 402 1798; x_wconf 87' lang='lat' dir='ltr'><strong><em>Mosi</em></strong></span> <span class='ocrx_word' id='word_1_136' title='bbox 421 1739 587 1799; x_wconf 81' lang='lat' dir='ltr'><strong><em>oraculum</em></strong></span> <span class='ocrx_word' id='word_1_137' title='bbox 614 1738 688 1802; x_wconf 78' lang='lat' dir='ltr'><strong><em>edit.</em></strong></span> <span class='ocrx_word' id='word_1_138' title='bbox 720 1736 978 1800; x_wconf 78' lang='lat' dir='ltr'><strong><em>Universum</em></strong></span> <span class='ocrx_word' id='word_1_139' title='bbox 1000 1744 1083 1801; x_wconf 87' lang='lat' dir='ltr'><strong><em>enim</em></strong></span> <span class='ocrx_word' id='word_1_140' title='bbox 1102 1740 1161 1819; x_wconf 74' lang='lat' dir='ltr'><strong><em>id,</em></strong></span> <span class='ocrx_word' id='word_1_141' title='bbox 1188 1748 1307 1820; x_wconf 83' lang='lat' dir='ltr'><strong><em>quod</em></strong></span> <span class='ocrx_word' id='word_1_142' title='bbox 1327 1753 1402 1813; x_wconf 86' lang='lat' dir='ltr'><strong><em>est,</em></strong></span> 
     </span>
     <span class='ocr_line' id='line_1_16' title="bbox 189 1842 1401 1927; baseline 0.006 -26"><span class='ocrx_word' id='word_1_143' title='bbox 189 1845 229 1902; x_wconf 83' lang='lat' dir='ltr'><strong><em>in</em></strong></span> <span class='ocrx_word' id='word_1_144' title='bbox 250 1861 296 1902; x_wconf 86' lang='lat' dir='ltr'><strong><em>se</em></strong></span> <span class='ocrx_word' id='word_1_145' title='bbox 317 1842 636 1922; x_wconf 73' lang='lat' dir='ltr'><strong><em>complectitur5</em></strong></span> <span class='ocrx_word' id='word_1_146' title='bbox 664 1862 736 1904; x_wconf 89' lang='lat' dir='ltr'><strong><em>nee</em></strong></span> <span class='ocrx_word' id='word_1_147' title='bbox 760 1849 1012 1924; x_wconf 79' lang='lat' dir='ltr'><strong><em>principium</em></strong></span> <span class='ocrx_word' id='word_1_148' title='bbox 1043 1846 1222 1923; x_wconf 82' lang='lat' dir='ltr'><strong><em>itabens,</em></strong></span> <span class='ocrx_word' id='word_1_149' title='bbox 1244 1865 1324 1908; x_wconf 87' lang='lat' dir='ltr'><strong><em>nee</em></strong></span> <span class='ocrx_word' id='word_1_150' title='bbox 1342 1850 1401 1927; x_wconf 81' lang='lat' dir='ltr'><strong><em>fi·</em></strong></span> 
     </span>
     <span class='ocr_line' id='line_1_17' title="bbox 190 1947 1404 2028; baseline 0.003 -20"><span class='ocrx_word' id='word_1_151' title='bbox 190 1966 279 2008; x_wconf 89' lang='lat' dir='ltr'><strong><em>nem</em></strong></span> <span class='ocrx_word' id='word_1_152' title='bbox 310 1947 565 2022; x_wconf 80' lang='lat' dir='ltr'><strong><em>leobiturum,</em></strong></span> <span class='ocrx_word' id='word_1_153' title='bbox 596 1953 709 2009; x_wconf 84' lang='lat' dir='ltr'><strong><em>velut</em></strong></span> <span class='ocrx_word' id='word_1_154' title='bbox 734 1949 923 2026; x_wconf 73' lang='lat' dir='ltr'><strong><em>peluyus</em></strong></span> <span class='ocrx_word' id='word_1_155' title='bbox 954 1951 1158 2028; x_wconf 76' lang='lat' dir='ltr'><strong><em>quoddam</em></strong></span> <span class='ocrx_word' id='word_1_156' title='bbox 1188 1955 1404 2012; x_wconf 80' lang='lat' dir='ltr'><strong><em>essentias</em></strong></span> 
     </span>
     <span class='ocr_line' id='line_1_18' title="bbox 190 2057 1403 2136; baseline 0.005 -25"><span class='ocrx_word' id='word_1_157' title='bbox 190 2058 431 2113; x_wconf 83' lang='lat' dir='ltr'><strong><em>immensum</em></strong></span> <span class='ocrx_word' id='word_1_158' title='bbox 459 2059 497 2114; x_wconf 88' lang='lat' dir='ltr'><strong><em>et</em></strong></span> <span class='ocrx_word' id='word_1_159' title='bbox 526 2057 867 2128; x_wconf 82' lang='lat' dir='ltr'><strong><em>interminatum,</em></strong></span> <span class='ocrx_word' id='word_1_160' title='bbox 899 2075 1046 2117; x_wconf 90' lang='lat' dir='ltr'><strong><em>omnem</em></strong></span> <span class='ocrx_word' id='word_1_161' title='bbox 1074 2061 1154 2116; x_wconf 88' lang='lat' dir='ltr'><strong><em>tum</em></strong></span> <span class='ocrx_word' id='word_1_162' title='bbox 1183 2060 1403 2136; x_wconf 78' lang='lat' dir='ltr'><strong><em>temporis,</em></strong></span> 
     </span>
     <span class='ocr_line' id='line_1_19' title="bbox 192 2156 1404 2244; baseline 0.008 -29"><span class='ocrx_word' id='word_1_163' title='bbox 192 2163 409 2219; x_wconf 83' lang='lat' dir='ltr'><strong><em>tumnaturue</em></strong></span> <span class='ocrx_word' id='word_1_164' title='bbox 422 2163 698 2236; x_wconf 75' lang='lat' dir='ltr'><strong><em>ooqnitionem</em></strong></span> <span class='ocrx_word' id='word_1_165' title='bbox 712 2179 915 2240; x_wconf 79' lang='lat' dir='ltr'><strong><em>superous</em></strong></span> <span class='ocrx_word' id='word_1_166' title='bbox 928 2159 963 2240; x_wconf 82' lang='lat'><strong><em>⁵).</em></strong></span> <span class='ocrx_word' id='word_1_167' title='bbox 980 2194 1018 2206; x_wconf 93' lang='lat'><strong><em>·-</em></strong></span> <span class='ocrx_word' id='word_1_168' title='bbox 1031 2156 1266 2244; x_wconf 77' lang='lat' dir='ltr'><strong><em>Gregorius</em></strong></span> <span class='ocrx_word' id='word_1_169' title='bbox 1280 2159 1313 2223; x_wconf 95' lang='lat' dir='ltr'>N</span> <span class='ocrx_word' id='word_1_170' title='bbox 1321 2180 1404 2244; x_wconf 72' lang='grc' dir='ltr'><strong><em>με.</em></strong></span> 
     </span>
     <span class='ocr_line' id='line_1_20' title="bbox 192 2261 1404 2349; baseline 0.004 -26"><span class='ocrx_word' id='word_1_171' title='bbox 192 2261 232 2324; x_wconf 85' lang='lat' dir='ltr'><strong><em>de</em></strong></span> <span class='ocrx_word' id='word_1_172' title='bbox 261 2266 453 2324; x_wconf 81' lang='lat' dir='ltr'><strong><em>aeternitate</em></strong></span> <span class='ocrx_word' id='word_1_173' title='bbox 484 2261 548 2325; x_wconf 90' lang='lat' dir='ltr'><strong><em>Dei</em></strong></span> <span class='ocrx_word' id='word_1_174' title='bbox 578 2263 709 2349; x_wconf 80' lang='lat' dir='ltr'><strong><em>longam</em></strong></span> <span class='ocrx_word' id='word_1_175' title='bbox 741 2274 774 2326; x_wconf 91' lang='lat' dir='ltr'><strong><em>et</em></strong></span> <span class='ocrx_word' id='word_1_176' title='bbox 803 2264 959 2328; x_wconf 82' lang='lat' dir='ltr'><strong><em>eruditam</em></strong></span> <span class='ocrx_word' id='word_1_177' title='bbox 990 2262 1129 2326; x_wconf 87' lang='lat' dir='ltr'><strong><em>instituit</em></strong></span> <span class='ocrx_word' id='word_1_178' title='bbox 1163 2264 1349 2330; x_wconf 86' lang='lat' dir='ltr'><strong><em>orationem</em></strong></span> <span class='ocrx_word' id='word_1_179' title='bbox 1374 2265 1404 2329; x_wconf 89' lang='lat' dir='ltr'><strong><em>in</em></strong></span> 
     </span>
     <span class='ocr_line' id='line_1_21' title="bbox 189 2365 1404 2454; baseline 0.006 -25"><span class='ocrx_word' id='word_1_180' title='bbox 189 2365 280 2430; x_wconf 87' lang='lat' dir='ltr'><strong><em>libris</em></strong></span> <span class='ocrx_word' id='word_1_181' title='bbox 296 2366 364 2430; x_wconf 88' lang='lat' dir='ltr'><strong><em>suis</em></strong></span> <span class='ocrx_word' id='word_1_182' title='bbox 382 2367 541 2431; x_wconf 86' lang='lat' dir='ltr'><strong><em>adversus</em></strong></span> <span class='ocrx_word' id='word_1_183' title='bbox 560 2368 816 2444; x_wconf 75' lang='lat' dir='ltr'><strong><em>Eunomium‘ac</em></strong></span> <span class='ocrx_word' id='word_1_184' title='bbox 833 2390 930 2454; x_wconf 85' lang='lat' dir='ltr'><strong><em>snpra</em></strong></span> <span class='ocrx_word' id='word_1_185' title='bbox 950 2372 1058 2439; x_wconf 73' lang='grc' dir='ltr'><strong><em>αἰῶνας</em></strong></span> <span class='ocrx_word' id='word_1_186' title='bbox 1072 2388 1184 2432; x_wconf 88' lang='lat' dir='ltr'><strong><em>ornnes</em></strong></span> <span class='ocrx_word' id='word_1_187' title='bbox 1199 2369 1232 2432; x_wconf 90' lang='lat' dir='ltr'><strong><em>in</em></strong></span> <span class='ocrx_word' id='word_1_188' title='bbox 1242 2369 1404 2436; x_wconf 86' lang='lat' dir='ltr'><strong><em>infinitum</em></strong></span> 
     </span>
     <span class='ocr_line' id='line_1_22' title="bbox 190 2471 1406 2560; baseline 0.005 -25"><span class='ocrx_word' id='word_1_189' title='bbox 190 2493 263 2536; x_wconf 89' lang='lat' dir='ltr'><strong><em>eum</em></strong></span> <span class='ocrx_word' id='word_1_190' title='bbox 289 2472 424 2560; x_wconf 82' lang='lat' dir='ltr'><strong><em>porrigi,</em></strong></span> <span class='ocrx_word' id='word_1_191' title='bbox 447 2471 510 2546; x_wconf 82' lang='lat' dir='ltr'><strong><em>ait,</em></strong></span> <span class='ocrx_word' id='word_1_192' title='bbox 536 2472 697 2537; x_wconf 86' lang='lat' dir='ltr'><strong><em>intervalli</em></strong></span> <span class='ocrx_word' id='word_1_193' title='bbox 724 2474 827 2538; x_wconf 88' lang='lat' dir='ltr'><strong><em>omnis</em></strong></span> <span class='ocrx_word' id='word_1_194' title='bbox 861 2486 892 2538; x_wconf 89' lang='lat' dir='ltr'><strong><em>et</em></strong></span> <span class='ocrx_word' id='word_1_195' title='bbox 916 2472 1118 2538; x_wconf 86' lang='lat' dir='ltr'><strong><em>extensionis</em></strong></span> <span class='ocrx_word' id='word_1_196' title='bbox 1144 2485 1338 2557; x_wconf 85' lang='lat' dir='ltr'><strong><em>expertem,</em></strong></span> <span class='ocrx_word' id='word_1_197' title='bbox 1369 2497 1406 2541; x_wconf 84' lang='lat' dir='ltr'><strong><em>ae</em></strong></span> 
     </span>
     <span class='ocr_line' id='line_1_23' title="bbox 191 2576 1406 2664; baseline 0.005 -24"><span class='ocrx_word' id='word_1_198' title='bbox 191 2579 315 2641; x_wconf 87' lang='lat' dir='ltr'><strong><em>demum</em></strong></span> <span class='ocrx_word' id='word_1_199' title='bbox 334 2576 378 2641; x_wconf 86' lang='lat' dir='ltr'><strong><em>ita</em></strong></span> <span class='ocrx_word' id='word_1_200' title='bbox 397 2577 571 2641; x_wconf 82' lang='lat' dir='ltr'><strong><em>concludit:</em></strong></span> <span class='ocrx_word' id='word_1_201' title='bbox 594 2582 637 2640; x_wconf 84' lang='lat' dir='ltr'><strong><em>At</em></strong></span> <span class='ocrx_word' id='word_1_202' title='bbox 651 2601 727 2642; x_wconf 85' lang='lat' dir='ltr'><strong><em>uero</em></strong></span> <span class='ocrx_word' id='word_1_203' title='bbox 743 2580 800 2642; x_wconf 74' lang='lat' dir='ltr'><strong><em>rua</em></strong></span> <span class='ocrx_word' id='word_1_204' title='bbox 818 2582 939 2643; x_wconf 79' lang='lat' dir='ltr'><strong><em>nullius</em></strong></span> <span class='ocrx_word' id='word_1_205' title='bbox 956 2601 1064 2664; x_wconf 58' lang='lat' dir='ltr'><strong><em>erens,</em></strong></span> <span class='ocrx_word' id='word_1_206' title='bbox 1088 2586 1118 2640; x_wconf 87' lang='lat' dir='ltr'><strong><em>et</em></strong></span> <span class='ocrx_word' id='word_1_207' title='bbox 1135 2601 1217 2643; x_wconf 86' lang='lat' dir='ltr'><strong><em>sem</em></strong></span> <span class='ocrx_word' id='word_1_208' title='bbox 1223 2586 1406 2658; x_wconf 73' lang='lat' dir='ltr'><strong><em>piternm</em></strong></span> 
     </span>
     <span class='ocr_line' id='line_1_24' title="bbox 188 2688 1407 2769; baseline 0.007 -25"><span class='ocrx_word' id='word_1_209' title='bbox 188 2695 320 2760; x_wconf 75' lang='lat' dir='ltr'><strong><em>ecquae</em></strong></span> <span class='ocrx_word' id='word_1_210' title='bbox 342 2690 449 2747; x_wconf 84' lang='lat' dir='ltr'><strong><em>omnio</em></strong></span> <span class='ocrx_word' id='word_1_211' title='bbox 475 2704 533 2746; x_wconf 86' lang='lat' dir='ltr'><strong><em>suo</em></strong></span> <span class='ocrx_word' id='word_1_212' title='bbox 551 2691 719 2765; x_wconf 76' lang='lat' dir='ltr'><strong><em>eompleeu</em></strong></span> <span class='ocrx_word' id='word_1_213' title='bbox 738 2688 971 2763; x_wconf 80' lang='lat' dir='ltr'><strong><em>eornpreltendit</em></strong></span> <span class='ocrx_word' id='word_1_214' title='bbox 988 2693 1123 2759; x_wconf 87' lang='lat' dir='ltr'><strong><em>notura,</em></strong></span> <span class='ocrx_word' id='word_1_215' title='bbox 1155 2706 1261 2769; x_wconf 81' lang='lat' dir='ltr'><strong><em>neque</em></strong></span> <span class='ocrx_word' id='word_1_216' title='bbox 1280 2692 1318 2750; x_wconf 87' lang='lat' dir='ltr'><strong><em>in</em></strong></span> <span class='ocrx_word' id='word_1_217' title='bbox 1337 2691 1407 2752; x_wconf 78' lang='lat' dir='ltr'><strong><em>loeo</em></strong></span> 
     </span>
     <span class='ocr_line' id='line_1_25' title="bbox 189 2790 1408 2870; baseline 0.006 -20"><span class='ocrx_word' id='word_1_218' title='bbox 189 2796 257 2869; x_wconf 80' lang='lat' dir='ltr'><strong><em>est,</em></strong></span> <span class='ocrx_word' id='word_1_219' title='bbox 288 2809 421 2870; x_wconf 82' lang='lat' dir='ltr'><strong><em>neque</em></strong></span> <span class='ocrx_word' id='word_1_220' title='bbox 452 2796 492 2851; x_wconf 89' lang='lat' dir='ltr'><strong><em>in</em></strong></span> <span class='ocrx_word' id='word_1_221' title='bbox 516 2798 705 2870; x_wconf 83' lang='lat' dir='ltr'><strong><em>tempore.</em></strong></span> <span class='ocrx_word' id='word_1_222' title='bbox 735 2790 818 2854; x_wconf 81' lang='lat' dir='ltr'><strong><em>Sed</em></strong></span> <span class='ocrx_word' id='word_1_223' title='bbox 839 2793 1056 2852; x_wconf 78' lang='lat' dir='ltr'><strong><em>antehaee</em></strong></span> <span class='ocrx_word' id='word_1_224' title='bbox 1087 2798 1288 2870; x_wconf 83' lang='lat' dir='ltr'><strong><em>etsupru</em></strong></span> <span class='ocrx_word' id='word_1_225' title='bbox 1310 2797 1408 2857; x_wconf 76' lang='lat' dir='ltr'><strong><em>isaeo</em></strong></span> 
     </span>
     <span class='ocr_line' id='line_1_26' title="bbox 189 2896 1408 2979; baseline 0.007 -25"><span class='ocrx_word' id='word_1_226' title='bbox 189 2896 403 2956; x_wconf 81' lang='lat' dir='ltr'><strong><em>inenerrabili</em></strong></span> <span class='ocrx_word' id='word_1_227' title='bbox 421 2904 560 2977; x_wconf 82' lang='lat' dir='ltr'><strong><em>quodam</em></strong></span> <span class='ocrx_word' id='word_1_228' title='bbox 576 2899 712 2970; x_wconf 81' lang='lat' dir='ltr'><strong><em>ratione,</em></strong></span> <span class='ocrx_word' id='word_1_229' title='bbox 730 2901 741 2957; x_wconf 84' lang='lat' dir='ltr'><strong><em>i</em></strong></span> <span class='ocrx_word' id='word_1_230' title='bbox 746 2918 819 2974; x_wconf 83' lang='lat' dir='ltr'><strong><em>pso</em></strong></span> <span class='ocrx_word' id='word_1_231' title='bbox 840 2903 883 2958; x_wconf 85' lang='lat' dir='ltr'><strong><em>in</em></strong></span> <span class='ocrx_word' id='word_1_232' title='bbox 897 2903 988 2976; x_wconf 78' lang='lat' dir='ltr'><strong><em>seip</em></strong></span> <span class='ocrx_word' id='word_1_233' title='bbox 999 2916 1046 2956; x_wconf 89' lang='lat' dir='ltr'><strong><em>su</em></strong></span> <span class='ocrx_word' id='word_1_234' title='bbox 1070 2897 1139 2958; x_wconf 82' lang='lat' dir='ltr'><strong><em>sola</em></strong></span> <span class='ocrx_word' id='word_1_235' title='bbox 1160 2899 1226 2976; x_wconf 76' lang='lat' dir='ltr'><strong><em>fide</em></strong></span> <span class='ocrx_word' id='word_1_236' title='bbox 1241 2905 1408 2979; x_wconf 79' lang='lat' dir='ltr'><strong><em>conspiri-</em></strong></span> 
     </span>
     <span class='ocr_line' id='line_1_27' title="bbox 189 3001 1408 3082; baseline 0.009 -24"><span class='ocrx_word' id='word_1_237' title='bbox 189 3005 261 3078; x_wconf 75' lang='lat' dir='ltr'><strong><em>tur,</em></strong></span> <span class='ocrx_word' id='word_1_238' title='bbox 288 3020 425 3082; x_wconf 80' lang='lat' dir='ltr'><strong><em>neque</em></strong></span> <span class='ocrx_word' id='word_1_239' title='bbox 454 3001 646 3062; x_wconf 75' lang='lat' dir='ltr'><strong><em>saeculis</em></strong></span> <span class='ocrx_word' id='word_1_240' title='bbox 678 3006 1000 3079; x_wconf 82' lang='lat' dir='ltr'><strong><em>circumscripto</em></strong></span> <span class='ocrx_word' id='word_1_241' title='bbox 1032 3020 1169 3082; x_wconf 81' lang='lat' dir='ltr'><strong><em>neque</em></strong></span> <span class='ocrx_word' id='word_1_242' title='bbox 1200 3025 1288 3066; x_wconf 89' lang='lat' dir='ltr'><strong><em>eum</em></strong></span> <span class='ocrx_word' id='word_1_243' title='bbox 1309 3013 1408 3069; x_wconf 81' lang='lat' dir='ltr'><strong><em>tem·</em></strong></span> 
     </span>
     <span class='ocr_line' id='line_1_28' title="bbox 186 3107 1409 3187; baseline 0.008 -23"><span class='ocrx_word' id='word_1_244' title='bbox 186 3124 288 3181; x_wconf 82' lang='lat' dir='ltr'><strong><em>pore</em></strong></span> <span class='ocrx_word' id='word_1_245' title='bbox 319 3107 574 3177; x_wconf 80' lang='lat' dir='ltr'><strong><em>decurrens,</em></strong></span> <span class='ocrx_word' id='word_1_246' title='bbox 615 3108 695 3167; x_wconf 86' lang='lat' dir='ltr'><strong><em>sed</em></strong></span> <span class='ocrx_word' id='word_1_247' title='bbox 723 3111 765 3168; x_wconf 79' lang='lat' dir='ltr'><strong><em>in</em></strong></span> <span class='ocrx_word' id='word_1_248' title='bbox 797 3128 842 3167; x_wconf 86' lang='lat' dir='ltr'><strong><em>se</em></strong></span> <span class='ocrx_word' id='word_1_249' title='bbox 872 3110 974 3187; x_wconf 84' lang='lat' dir='ltr'><strong><em>ipso</em></strong></span> <span class='ocrx_word' id='word_1_250' title='bbox 1005 3111 1262 3170; x_wconf 79' lang='lat' dir='ltr'><strong><em>consistens</em></strong></span> <span class='ocrx_word' id='word_1_251' title='bbox 1294 3117 1337 3172; x_wconf 83' lang='lat' dir='ltr'><strong><em>et</em></strong></span> <span class='ocrx_word' id='word_1_252' title='bbox 1367 3120 1409 3175; x_wconf 79' lang='lat' dir='ltr'><strong><em>in</em></strong></span> 
     </span>
     <span class='ocr_line' id='line_1_29' title="bbox 188 3209 1409 3293; baseline 0.008 -24"><span class='ocrx_word' id='word_1_253' title='bbox 188 3229 232 3270; x_wconf 83' lang='lat' dir='ltr'><strong><em>se</em></strong></span> <span class='ocrx_word' id='word_1_254' title='bbox 256 3211 547 3289; x_wconf 82' lang='lat' dir='ltr'><strong><em>ipsasundotu</em></strong></span> <span class='ocrx_word' id='word_1_255' title='bbox 569 3219 607 3273; x_wconf 85' lang='lat' dir='ltr'><strong><em>et</em></strong></span> <span class='ocrx_word' id='word_1_256' title='bbox 637 3211 833 3290; x_wconf 80' lang='lat' dir='ltr'><strong><em>solidata,</em></strong></span> <span class='ocrx_word' id='word_1_257' title='bbox 855 3209 897 3272; x_wconf 87' lang='lat' dir='ltr'><strong><em>in</em></strong></span> <span class='ocrx_word' id='word_1_258' title='bbox 925 3230 1004 3292; x_wconf 83' lang='lat' dir='ltr'><strong><em>qua</em></strong></span> <span class='ocrx_word' id='word_1_259' title='bbox 1031 3231 1159 3292; x_wconf 82' lang='lat' dir='ltr'><strong><em>neque</em></strong></span> <span class='ocrx_word' id='word_1_260' title='bbox 1189 3222 1409 3293; x_wconf 78' lang='lat' dir='ltr'><strong><em>praeteri·</em></strong></span> 
     </span>
     <span class='ocr_line' id='line_1_30' title="bbox 190 3317 1410 3403; baseline 0.007 -28"><span class='ocrx_word' id='word_1_261' title='bbox 190 3322 284 3385; x_wconf 84' lang='lat' dir='ltr'><strong><em>tum,</em></strong></span> <span class='ocrx_word' id='word_1_262' title='bbox 306 3334 439 3396; x_wconf 82' lang='lat' dir='ltr'><strong><em>neque</em></strong></span> <span class='ocrx_word' id='word_1_263' title='bbox 455 3320 653 3395; x_wconf 77' lang='lat' dir='ltr'><strong><em>futurum</em></strong></span> <span class='ocrx_word' id='word_1_264' title='bbox 673 3321 835 3377; x_wconf 78' lang='lat' dir='ltr'><strong><em>iuventus:</em></strong></span> <span class='ocrx_word' id='word_1_265' title='bbox 857 3317 939 3376; x_wconf 77' lang='lat' dir='ltr'><strong><em>nidd</em></strong></span> <span class='ocrx_word' id='word_1_266' title='bbox 959 3319 1043 3377; x_wconf 86' lang='lat' dir='ltr'><strong><em>enim</em></strong></span> <span class='ocrx_word' id='word_1_267' title='bbox 1061 3320 1164 3396; x_wconf 84' lang='lat' dir='ltr'><strong><em>ipsius</em></strong></span> <span class='ocrx_word' id='word_1_268' title='bbox 1185 3326 1286 3382; x_wconf 75' lang='lat' dir='ltr'><strong><em>entre</em></strong></span> <span class='ocrx_word' id='word_1_269' title='bbox 1304 3325 1410 3403; x_wconf 82' lang='lat' dir='ltr'><strong><em>ipsum</em></strong></span> 
     </span>
     <span class='ocr_line' id='line_1_31' title="bbox 188 3406 1410 3504; baseline 0.007 -23"><span class='ocrx_word' id='word_1_270' title='bbox 188 3417 224 3492; x_wconf 82' lang='lat' dir='ltr'><strong><em>(i.</em></strong></span> <span class='ocrx_word' id='word_1_271' title='bbox 244 3437 272 3481; x_wconf 91' lang='lat' dir='ltr'><strong><em>e.</em></strong></span> <span class='ocrx_word' id='word_1_272' title='bbox 294 3438 357 3482; x_wconf 88' lang='lat' dir='ltr'><strong><em>uon</em></strong></span> <span class='ocrx_word' id='word_1_273' title='bbox 377 3420 615 3500; x_wconf 85' lang='lat' dir='ltr'><strong><em>necessarium)</em></strong></span> <span class='ocrx_word' id='word_1_274' title='bbox 633 3428 691 3494; x_wconf 85' lang='lat' dir='ltr'><strong><em>est,</em></strong></span> <span class='ocrx_word' id='word_1_275' title='bbox 708 3441 770 3502; x_wconf 81' lang='lat' dir='ltr'><strong><em>quo</em></strong></span> <span class='ocrx_word' id='word_1_276' title='bbox 790 3427 993 3499; x_wconf 78' lang='lat' dir='ltr'><strong><em>transeunte,</em></strong></span> <span class='ocrx_word' id='word_1_277' title='bbox 1015 3420 1107 3485; x_wconf 78' lang='lat' dir='ltr'><strong><em>aliud</em></strong></span> <span class='ocrx_word' id='word_1_278' title='bbox 1121 3425 1249 3504; x_wconf 81' lang='lat' dir='ltr'><strong><em>quidem</em></strong></span> <span class='ocrx_word' id='word_1_279' title='bbox 1263 3406 1410 3504; x_wconf 78' lang='lat' dir='ltr'><strong><em>proeter-</em></strong></span> 
     </span>
     <span class='ocr_line' id='line_1_32' title="bbox 189 3524 1411 3616; baseline 0.008 -29"><span class='ocrx_word' id='word_1_280' title='bbox 189 3532 254 3605; x_wconf 85' lang='lat' dir='ltr'><strong><em>eot,</em></strong></span> <span class='ocrx_word' id='word_1_281' title='bbox 276 3525 367 3586; x_wconf 67' lang='lat' dir='ltr'><strong><em>ahud</em></strong></span> <span class='ocrx_word' id='word_1_282' title='bbox 391 3545 466 3586; x_wconf 85' lang='lat' dir='ltr'><strong><em>oero</em></strong></span> <span class='ocrx_word' id='word_1_283' title='bbox 481 3530 633 3605; x_wconf 80' lang='lat' dir='ltr'><strong><em>futurum</em></strong></span> <span class='ocrx_word' id='word_1_284' title='bbox 656 3530 699 3587; x_wconf 85' lang='lat' dir='ltr'><strong><em>sit</em></strong></span> <span class='ocrx_word' id='word_1_285' title='bbox 729 3526 767 3607; x_wconf 57' lang='grc' dir='ltr'><strong><em>ὃ).</em></strong></span> <span class='ocrx_word' id='word_1_286' title='bbox 785 3562 825 3572; x_wconf 94' lang='grc'><strong>-</strong></span> <span class='ocrx_word' id='word_1_287' title='bbox 847 3524 1080 3606; x_wconf 87' lang='lat' dir='ltr'><strong><em>Dionysius</em></strong></span> <span class='ocrx_word' id='word_1_288' title='bbox 1100 3527 1254 3613; x_wconf 81' lang='lat' dir='ltr'><strong><em>Areop.</em></strong></span> <span class='ocrx_word' id='word_1_289' title='bbox 1285 3534 1411 3616; x_wconf 83' lang='lat' dir='ltr'><strong><em>passim</em></strong></span> 
     </span>
     <span class='ocr_line' id='line_1_33' title="bbox 190 3627 1416 3716; baseline 0.01 -23"><span class='ocrx_word' id='word_1_290' title='bbox 190 3627 275 3694; x_wconf 88' lang='lat' dir='ltr'><strong><em>idem</em></strong></span> <span class='ocrx_word' id='word_1_291' title='bbox 291 3627 464 3711; x_wconf 81' lang='lat' dir='ltr'><strong><em>praedicat.</em></strong></span> <span class='ocrx_word' id='word_1_292' title='bbox 486 3632 591 3691; x_wconf 87' lang='lat' dir='ltr'><strong><em>Deus</em></strong></span> <span class='ocrx_word' id='word_1_293' title='bbox 610 3635 705 3704; x_wconf 84' lang='lat' dir='ltr'><strong><em>enim,</em></strong></span> <span class='ocrx_word' id='word_1_294' title='bbox 727 3629 839 3715; x_wconf 89' lang='lat' dir='ltr'><strong><em>inquit,</em></strong></span> <span class='ocrx_word' id='word_1_295' title='bbox 860 3650 925 3691; x_wconf 88' lang='lat' dir='ltr'><strong><em>non</em></strong></span> <span class='ocrx_word' id='word_1_296' title='bbox 943 3635 1055 3710; x_wconf 81' lang='lat' dir='ltr'><strong><em>quouis</em></strong></span> <span class='ocrx_word' id='word_1_297' title='bbox 1074 3635 1165 3694; x_wconf 86' lang='lat' dir='ltr'><strong><em>modo</em></strong></span> <span class='ocrx_word' id='word_1_298' title='bbox 1185 3647 1237 3698; x_wconf 83' lang='lat' dir='ltr'><strong><em>est</em></strong></span> <span class='ocrx_word' id='word_1_299' title='bbox 1255 3659 1331 3716; x_wconf 84' lang='lat' dir='ltr'><strong><em>ens,</em></strong></span> <span class='ocrx_word' id='word_1_300' title='bbox 1355 3644 1416 3704; x_wconf 83' lang='lat' dir='ltr'><strong><em>sed</em></strong></span> 
     </span>
     <span class='ocr_line' id='line_1_34' title="bbox 189 3736 1414 3815; baseline 0.011 -20"><span class='ocrx_word' id='word_1_301' title='bbox 189 3736 456 3814; x_wconf 80' lang='lat' dir='ltr'><strong><em>simpliciter</em></strong></span> <span class='ocrx_word' id='word_1_302' title='bbox 477 3740 518 3795; x_wconf 86' lang='lat' dir='ltr'><strong><em>et</em></strong></span> <span class='ocrx_word' id='word_1_303' title='bbox 538 3738 715 3809; x_wconf 82' lang='lat' dir='ltr'><strong><em>infinite</em></strong></span> <span class='ocrx_word' id='word_1_304' title='bbox 737 3742 863 3796; x_wconf 85' lang='lat' dir='ltr'><strong><em>totum</em></strong></span> <span class='ocrx_word' id='word_1_305' title='bbox 884 3755 976 3796; x_wconf 82' lang='lat' dir='ltr'><strong><em>esse</em></strong></span> <span class='ocrx_word' id='word_1_306' title='bbox 999 3740 1038 3797; x_wconf 83' lang='lat' dir='ltr'><strong><em>in</em></strong></span> <span class='ocrx_word' id='word_1_307' title='bbox 1058 3757 1103 3798; x_wconf 88' lang='lat' dir='ltr'><strong><em>se</em></strong></span> <span class='ocrx_word' id='word_1_308' title='bbox 1121 3745 1291 3815; x_wconf 83' lang='lat' dir='ltr'><strong><em>puriter</em></strong></span> <span class='ocrx_word' id='word_1_309' title='bbox 1316 3768 1414 3810; x_wconf 89' lang='lat' dir='ltr'><strong><em>eom·</em></strong></span> 
     </span>
     <span class='ocr_line' id='line_1_35' title="bbox 187 3840 1417 3921; baseline 0.015 -22"><span class='ocrx_word' id='word_1_310' title='bbox 187 3840 342 3921; x_wconf 75' lang='lat' dir='ltr'><strong><em>plenus</em></strong></span> <span class='ocrx_word' id='word_1_311' title='bbox 360 3846 401 3900; x_wconf 84' lang='lat' dir='ltr'><strong><em>et</em></strong></span> <span class='ocrx_word' id='word_1_312' title='bbox 421 3843 683 3920; x_wconf 55' lang='lat' dir='ltr'><strong><em>ontieiponm·</em></strong></span> <span class='ocrx_word' id='word_1_313' title='bbox 698 3846 899 3920; x_wconf 77' lang='lat' dir='ltr'><strong><em>quomobrem</em></strong></span> <span class='ocrx_word' id='word_1_314' title='bbox 913 3843 1007 3902; x_wconf 85' lang='lat' dir='ltr'><strong><em>etiem</em></strong></span> <span class='ocrx_word' id='word_1_315' title='bbox 1025 3842 1117 3903; x_wconf 76' lang='lat' dir='ltr'><strong><em>Iiee</em></strong></span> <span class='ocrx_word' id='word_1_316' title='bbox 1134 3853 1417 3917; x_wconf 79' lang='lat' dir='ltr'><strong><em>saeculorum</em></strong></span> 
     </span>
    </p>
   </div>
   <div class='ocr_carea' id='block_1_3' title="bbox 193 3995 457 4010">
    <p class='ocr_par' dir='ltr' id='par_1_4' title="bbox 193 3995 457 4010">
     <span class='ocr_line' id='line_1_36' title="bbox 193 3995 457 4010; baseline -0.011 0"><span class='ocrx_word' id='word_1_317' title='bbox 193 3995 457 4010; x_wconf 47' lang='lat' dir='ltr'><strong><em>m</em></strong></span> 
     </span>
    </p>
   </div>
   <div class='ocr_carea' id='block_1_4' title="bbox 130 4054 1426 4663">
    <p class='ocr_par' dir='ltr' id='par_1_5' title="bbox 228 4054 736 4121">
     <span class='ocr_line' id='line_1_37' title="bbox 228 4054 736 4121; baseline 0 -15"><span class='ocrx_word' id='word_1_318' title='bbox 228 4056 251 4121; x_wconf 86' lang='lat'><strong><em>¹)</em></strong></span> <span class='ocrx_word' id='word_1_319' title='bbox 271 4057 358 4120; x_wconf 74' lang='lat' dir='ltr'><strong><em>Apoo.</em></strong></span> <span class='ocrx_word' id='word_1_320' title='bbox 379 4058 402 4115; x_wconf 88' lang='grc'><strong><em>1,</em></strong></span> <span class='ocrx_word' id='word_1_321' title='bbox 420 4057 447 4107; x_wconf 89' lang='grc'><strong>8.</strong></span> <span class='ocrx_word' id='word_1_322' title='bbox 467 4056 507 4107; x_wconf 84' lang='grc'><strong>17.</strong></span> <span class='ocrx_word' id='word_1_323' title='bbox 525 4056 568 4115; x_wconf 79' lang='grc'><strong><em>21,</em></strong></span> <span class='ocrx_word' id='word_1_324' title='bbox 587 4056 613 4106; x_wconf 82' lang='grc'><strong>3.</strong></span> <span class='ocrx_word' id='word_1_325' title='bbox 631 4054 674 4115; x_wconf 80' lang='grc'><strong><em>22,</em></strong></span> <span class='ocrx_word' id='word_1_326' title='bbox 695 4057 736 4106; x_wconf 90' lang='grc'><strong>13.</strong></span> 
     </span>
    </p>

    <p class='ocr_par' dir='ltr' id='par_1_6' title="bbox 227 4140 493 4210">
     <span class='ocr_line' id='line_1_38' title="bbox 227 4140 493 4210; baseline 0.004 -15"><span class='ocrx_word' id='word_1_327' title='bbox 227 4140 251 4210; x_wconf 85' lang='lat'><strong><em>²)</em></strong></span> <span class='ocrx_word' id='word_1_328' title='bbox 273 4148 296 4195; x_wconf 91' lang='grc' dir='ltr'><strong>Ι.</strong></span> <span class='ocrx_word' id='word_1_329' title='bbox 315 4143 387 4196; x_wconf 76' lang='lat' dir='ltr'><strong><em>Tiro.</em></strong></span> <span class='ocrx_word' id='word_1_330' title='bbox 408 4146 431 4207; x_wconf 89' lang='lat' dir='ltr'><strong><em>l,</em></strong></span> <span class='ocrx_word' id='word_1_331' title='bbox 453 4146 493 4196; x_wconf 83' lang='grc'><strong>17.</strong></span> 
     </span>
    </p>

    <p class='ocr_par' dir='ltr' id='par_1_7' title="bbox 192 4229 1426 4375">
     <span class='ocr_line' id='line_1_39' title="bbox 226 4229 1426 4309; baseline 0.008 -27"><span class='ocrx_word' id='word_1_332' title='bbox 226 4229 251 4297; x_wconf 80' lang='grc'><strong><em>3)</em></strong></span> <span class='ocrx_word' id='word_1_333' title='bbox 272 4235 297 4285; x_wconf 92' lang='grc'><strong>1.</strong></span> <span class='ocrx_word' id='word_1_334' title='bbox 315 4232 387 4283; x_wconf 82' lang='lat' dir='ltr'><strong><em>Tim.</em></strong></span> <span class='ocrx_word' id='word_1_335' title='bbox 406 4235 432 4292; x_wconf 88' lang='grc'><strong><em>6,</em></strong></span> <span class='ocrx_word' id='word_1_336' title='bbox 453 4235 494 4285; x_wconf 86' lang='grc'><strong>16.</strong></span> <span class='ocrx_word' id='word_1_337' title='bbox 514 4233 555 4284; x_wconf 79' lang='lat' dir='ltr'><strong><em>Cf.</em></strong></span> <span class='ocrx_word' id='word_1_338' title='bbox 573 4234 698 4298; x_wconf 82' lang='lat' dir='ltr'><strong><em>Augus</em></strong></span> <span class='ocrx_word' id='word_1_339' title='bbox 711 4232 775 4287; x_wconf 84' lang='lat' dir='ltr'><strong><em>tin.</em></strong></span> <span class='ocrx_word' id='word_1_340' title='bbox 796 4238 838 4286; x_wconf 83' lang='lat' dir='ltr'><strong><em>Tr.</em></strong></span> <span class='ocrx_word' id='word_1_341' title='bbox 859 4239 908 4286; x_wconf 79' lang='lat'><strong><em>23.</em></strong></span> <span class='ocrx_word' id='word_1_342' title='bbox 926 4238 955 4287; x_wconf 80' lang='lat' dir='ltr'><strong><em>iu</em></strong></span> <span class='ocrx_word' id='word_1_343' title='bbox 972 4239 1055 4289; x_wconf 79' lang='lat' dir='ltr'><strong><em>donn.</em></strong></span> <span class='ocrx_word' id='word_1_344' title='bbox 1080 4253 1108 4289; x_wconf 81' lang='lat' dir='ltr'><strong><em>u.</em></strong></span> <span class='ocrx_word' id='word_1_345' title='bbox 1129 4242 1155 4289; x_wconf 86' lang='lat'><strong><em>9.</em></strong></span> <span class='ocrx_word' id='word_1_346' title='bbox 1185 4241 1265 4309; x_wconf 73' lang='lat' dir='ltr'><strong>Opp.</strong></span> <span class='ocrx_word' id='word_1_347' title='bbox 1288 4248 1323 4304; x_wconf 76' lang='grc' dir='ltr'><strong><em>Τ,</em></strong></span> <span class='ocrx_word' id='word_1_348' title='bbox 1347 4256 1376 4309; x_wconf 61' lang='grc'><strong><em>3,</em></strong></span> <span class='ocrx_word' id='word_1_349' title='bbox 1394 4258 1426 4308; x_wconf 67' lang='grc' dir='ltr'><strong><em>Ρ,</em></strong></span> 
     </span>
     <span class='ocr_line' id='line_1_40' title="bbox 192 4322 393 4375; baseline -0.005 -1"><span class='ocrx_word' id='word_1_350' title='bbox 192 4327 218 4374; x_wconf 85' lang='grc'><strong>2.</strong></span> <span class='ocrx_word' id='word_1_351' title='bbox 238 4337 263 4375; x_wconf 79' lang='lat' dir='ltr'><strong><em>o.</em></strong></span> <span class='ocrx_word' id='word_1_352' title='bbox 282 4325 339 4374; x_wconf 73' lang='grc'><strong>177.</strong></span> <span class='ocrx_word' id='word_1_353' title='bbox 360 4322 393 4373; x_wconf 85' lang='lat' dir='ltr'><strong><em>G.</em></strong></span> 
     </span>
    </p>

    <p class='ocr_par' dir='ltr' id='par_1_8' title="bbox 130 4410 889 4663">
     <span class='ocr_line' id='line_1_41' title="bbox 226 4410 483 4477; baseline -0.004 -14"><span class='ocrx_word' id='word_1_354' title='bbox 226 4410 483 4477; x_wconf 38' lang='lat' dir='ltr'><strong><em>mmmmm&amp;</em></strong></span> 
     </span>
     <span class='ocr_line' id='line_1_42' title="bbox 130 4497 796 4566; baseline -0.002 -15"><span class='ocrx_word' id='word_1_355' title='bbox 130 4526 140 4541; x_wconf 67' lang='grc' dir='ltr'><em>ι</em></span> <span class='ocrx_word' id='word_1_356' title='bbox 229 4497 251 4565; x_wconf 82' lang='lat'><strong><em>⁵)</em></strong></span> <span class='ocrx_word' id='word_1_357' title='bbox 271 4504 316 4552; x_wconf 83' lang='grc' dir='ltr'><strong><em>Ον.</em></strong></span> <span class='ocrx_word' id='word_1_358' title='bbox 336 4504 385 4552; x_wconf 84' lang='grc'><strong>38.</strong></span> <span class='ocrx_word' id='word_1_359' title='bbox 403 4499 473 4566; x_wconf 79' lang='lat' dir='ltr'><strong>Opp.</strong></span> <span class='ocrx_word' id='word_1_360' title='bbox 492 4503 526 4552; x_wconf 82' lang='grc' dir='ltr'><strong>Τ.</strong></span> <span class='ocrx_word' id='word_1_361' title='bbox 546 4504 571 4552; x_wconf 91' lang='grc'><strong>1.</strong></span> <span class='ocrx_word' id='word_1_362' title='bbox 590 4515 613 4553; x_wconf 88' lang='lat' dir='ltr'><strong><em>e.</em></strong></span> <span class='ocrx_word' id='word_1_363' title='bbox 632 4502 692 4553; x_wconf 71' lang='grc'><strong>516.</strong></span> <span class='ocrx_word' id='word_1_364' title='bbox 713 4503 745 4555; x_wconf 81' lang='grc' dir='ltr'><strong>Α.</strong></span> <span class='ocrx_word' id='word_1_365' title='bbox 763 4502 796 4552; x_wconf 84' lang='grc' dir='ltr'><strong>Β.</strong></span> 
     </span>
     <span class='ocr_line' id='line_1_43' title="bbox 228 4581 889 4663; baseline 0.002 -22"><span class='ocrx_word' id='word_1_366' title='bbox 228 4581 253 4650; x_wconf 81' lang='lat'><strong><em>⁶)</em></strong></span> <span class='ocrx_word' id='word_1_367' title='bbox 271 4592 305 4641; x_wconf 79' lang='grc'><strong>1..</strong></span> <span class='ocrx_word' id='word_1_368' title='bbox 326 4594 353 4642; x_wconf 85' lang='grc'><strong>1.</strong></span> <span class='ocrx_word' id='word_1_369' title='bbox 372 4589 443 4663; x_wconf 78' lang='lat' dir='ltr'><strong>Opp.</strong></span> <span class='ocrx_word' id='word_1_370' title='bbox 461 4590 525 4647; x_wconf 80' lang='lat' dir='ltr'><strong><em>Par.</em></strong></span> <span class='ocrx_word' id='word_1_371' title='bbox 545 4591 618 4646; x_wconf 80' lang='grc'><strong>1638.</strong></span> <span class='ocrx_word' id='word_1_372' title='bbox 637 4589 669 4639; x_wconf 83' lang='grc' dir='ltr'><strong>Τ.</strong></span> <span class='ocrx_word' id='word_1_373' title='bbox 689 4591 713 4641; x_wconf 83' lang='lat'><strong><em>2.</em></strong></span> <span class='ocrx_word' id='word_1_374' title='bbox 733 4604 760 4660; x_wconf 81' lang='lat' dir='ltr'><strong><em>p.</em></strong></span> <span class='ocrx_word' id='word_1_375' title='bbox 778 4592 836 4643; x_wconf 76' lang='lat'><strong>362.</strong></span> <span class='ocrx_word' id='word_1_376' title='bbox 855 4592 889 4642; x_wconf 92' lang='lat' dir='ltr'><strong><em>D.</em></strong></span> 
     </span>
    </p>
   </div>
   <div class='ocr_carea' id='block_1_5' title="bbox 0 0 1469 5168">
    <p class='ocr_par' dir='ltr' id='par_1_9' title="bbox 0 0 1469 5168">
     <span class='ocr_line' id='line_1_44' title="bbox 0 0 1469 5168; baseline 0 0"><span class='ocrx_word' id='word_1_377' title='bbox 0 0 1469 5168; x_wconf 95' lang='lat' dir='ltr'><strong><em> </em></strong></span> 
     </span>
    </p>
   </div>
  </div>
 </body>
</html>
