2926 5168
128 679 190 760 De
215 684 345 758 divina
366 683 631 783 prouidentia,
666 705 737 756 seu
771 683 818 756 de
842 680 929 760 Deo
955 689 1090 762 mendi
1115 684 1338 764 Conserva-

505 806 593 875 tore
619 806 658 874 et
680 798 961 878 eudemone.

424 1115 451 1199 5.
475 1113 538 1185 to.
561 1115 860 1187 Providentia
881 1115 1049 1187 divino.

212 1269 488 1349 Quemadmodum
517 1281 642 1335 certum
673 1282 725 1335 est
763 1290 801 1335 ac
841 1273 1063 1356 exploratum,
1093 1273 1200 1337 Deum
1231 1273 1339 1337 mundi

127 1396 205 1440 esne
228 1374 420 1439 Creatorem
434 1386 529 1461 atque
545 1375 766 1450 architectum,
789 1377 836 1442 ita
853 1397 978 1462 quoque
992 1377 1133 1443 evictum
1148 1389 1208 1451 est,
1232 1378 1338 1463 ipsum

126 1501 204 1545 esee
233 1480 401 1544 mundi
424 1477 778 1547 Conservatorem
811 1493 961 1567 atque
984 1481 1337 1547 Gubernatorem.

124 1587 231 1652 Prout
253 1585 336 1650 enim
359 1586 495 1650 mundus
517 1607 580 1650 non
608 1598 660 1650 est
689 1586 759 1651 sine
790 1586 1022 1672 omnipotentia
1053 1599 1086 1651 et
1113 1588 1273 1672 sapientia
1295 1588 1338 1652 di·

125 1691 202 1756 vina
224 1700 316 1755 ortua
338 1701 433 1777 atque
456 1690 666 1766 constitutus,
697 1690 745 1756 sic
769 1693 866 1756 etiam
898 1712 961 1755 non
984 1692 1054 1757 aine
1077 1714 1203 1757 summa
1227 1704 1338 1777 poten·

125 1796 173 1863 tia
209 1809 242 1861 et
270 1815 396 1861 summa
420 1795 547 1860 ratione
578 1808 791 1862 conservatur
820 1816 858 1861 ac
886 1796 1134 1860 administratur.
1163 1797 1268 1861 Unum
1298 1800 1337 1861 ab

101 1987 103 1991 ¹
126 1902 232 1969 altero
256 1901 362 1966 divelli
384 1923 448 1965 uon
469 1913 587 1986 potest.
612 1903 697 1968 Hinc
718 1924 781 1967 non
803 1913 979 1987 propterea
1005 1904 1110 1966 solum
1133 1923 1190 1965 res
1212 1903 1338 1967 univer·

126 2027 184 2072 eae
206 2027 226 2070 a
247 2006 318 2070 Deo
341 2008 492 2091 pendent,
514 2009 599 2093 quod
619 2007 692 2071 illae
709 2006 900 2081 condiderit,
923 2006 1015 2094 quasi
1037 2007 1118 2071 satis
1140 2007 1194 2082 sit,
1216 2007 1338 2073 foetum

126 2113 236 2185 edere,
265 2121 298 2174 et
332 2109 428 2176 simul
460 2133 532 2177 cum
564 2134 604 2177 eo
640 2132 768 2177 omnem
805 2110 892 2175 iltius
927 2111 1089 2196 proJicere
1120 2131 1247 2183 curam;
1279 2117 1338 2177 sed

127 2215 226 2280 etiam
248 2234 298 2289 eo,
321 2216 406 2300 quod
428 2217 570 2294 cunctis,
598 2239 678 2304 quae
702 2216 821 2292 edidit,
852 2215 1043 2301 provideat,
1072 2236 1131 2280 seu
1162 2237 1260 2280 causa
1284 2218 1336 2291 sit,

114 2330 161 2401 ¹ut
188 2340 246 2384 ree
276 2340 390 2384 omnes
418 2319 555 2408 nirrgulia
585 2321 757 2387 momentis
787 2320 985 2406 persistant,
1021 2331 1086 2383 tana
1115 2322 1220 2406 quoad
1247 2343 1338 2386 auam

126 2423 360 2497 substantiam.
384 2445 477 2510 quam
500 2427 602 2511 quoad
624 2425 740 2513 agendi
765 2425 854 2490 vires
876 2425 1008 2490 cuilibet
1037 2424 1171 2501 insitas,
1193 2446 1339 2490 necnon

125 2530 176 2606 iis,
199 2550 279 2614 quae
302 2530 343 2593 ad
366 2530 607 2595 subsistendum
630 2542 706 2595 aunt
734 2531 939 2605 necessaria,
968 2542 1101 2615 praesto
1125 2530 1210 2612 sint,
1242 2542 1337 2617 atque

127 2646 162 2699 ut
174 2634 322 2721 singulae
344 2635 385 2697 ad
406 2633 499 2711 tinec,
522 2657 602 2720 quoe
625 2636 685 2701 cibi
707 2635 931 2721 praescriptos
954 2636 1082 2708 habent,
1105 2636 1305 2720 perveniant.

209 2741 271 2804 Est
292 2739 392 2827 igitur
413 2741 685 2824 providentia
707 2741 867 2814 divina,
897 2761 979 2826 quae
1008 2741 1184 2806 creationis
1206 2740 1337 2806 nonnisi

125 2845 322 2912 continuatio
345 2857 411 2921 est,
445 2867 491 2911 ea
512 2847 593 2911 Dei
615 2846 729 2912 actio
752 2848 798 2911 ad
822 2857 941 2912 extra
964 2846 1125 2921 libera,
1154 2867 1225 2932 qua
1246 2847 1339 2932 ipse

124 2972 261 3016 rerum
283 2956 460 3016 omnium
490 2971 536 3017 ac
562 2951 831 3039 singularum
863 2971 1001 3016 curam
1030 2951 1148 3036 gerit
1180 2960 1230 3032 ¹),
1260 2973 1337 3016 ceu

106 3078 204 3143 .qua
235 3077 306 3120 res
337 3070 508 3123 creatae
536 3077 676 3123 omnes
704 3077 746 3122 ac
774 3057 974 3145 singulas
1012 3069 1266 3133 conservat,
1297 3069 1339 3122 et

120 3165 248 3249 juxta
269 3183 339 3226 sua
361 3162 682 3247 sapientissima
704 3161 886 3226 consilia
908 3161 1130 3248 gubernat.

212 3267 250 3333 si
272 3279 379 3332 autem
403 3267 548 3342 dicimus,
569 3267 806 3354 providentiam
828 3267 967 3331 divinam
998 3287 1074 3330 ease
1098 3287 1221 3342 curam,
1244 3287 1339 3351 quam

123 3373 220 3436 Deus
241 3372 460 3459 omnipotens,
491 3373 741 3461 benignissimus
764 3393 802 3437 ac
826 3371 1085 3458 sapientissimus
1107 3393 1217 3436 rerum
1241 3372 1339 3436 omni·

124 3498 181 3541 um
202 3487 313 3564 gerat:
334 3499 426 3543 more
448 3479 586 3543 humano
617 3479 792 3564 loquimur,
827 3489 860 3540 et
890 3477 1020 3543 minime
1050 3497 1162 3543 curam
1191 3475 1339 3564 intelligi·

123 3604 211 3658 mus,
233 3581 334 3668 qualia
355 3581 388 3646 in
410 3582 503 3648 nobis
529 3595 594 3666 est,
616 3604 688 3648 cum
710 3594 798 3648 metu
828 3603 867 3647 ac
899 3583 1115 3654 dubitatione,
1145 3593 1200 3646 aut
1229 3582 1339 3646 labore

126 3702 163 3756 et
194 3687 425 3776 defatigatione
453 3690 673 3773 conjunctam
696 3711 769 3756 cum
790 3690 873 3755 haec'
893 3699 1006 3774 aperte
1028 3709 1102 3754 cum
1132 3709 1256 3752 summa
1278 3686 1340 3752 Dei

123 3791 329 3881 perfectione
352 3791 503 3879 componi
531 3793 615 3857 baud
645 3805 751 3880 queat.
779 3794 871 3859 Deus
902 3792 986 3857 enim
1018 3793 1103 3859 sicut
1137 3793 1207 3857 solo
1229 3793 1339 3857 volun·

123 3898 203 3966 tatis
224 3908 302 3962 nutu
324 3897 447 3983 absque
469 3884 581 3963 labore
609 3909 664 3963 aut
694 3897 811 3964 virium
840 3897 1022 3963 intensione
1048 3897 1203 3963 universa
1232 3898 1339 3965 condi·

124 4004 185 4080 dit,
205 4002 251 4067 ita
273 4001 388 4067 eodem
410 4001 652 4088 simplicissimo
674 4015 748 4068 actu
770 4003 876 4069 omnia
898 4015 1006 4069 tuetur
1028 4022 1067 4067 ac
1089 4004 1259 4090 gubernat.

211 4106 317 4172 Porro
348 4107 589 4188 comprehendit
618 4107 821 4194 providentia
850 4108 957 4173 divina
988 4110 1070 4173 duas
1097 4109 1185 4172 velut
1214 4120 1338 4194 pentec,

124 4233 236 4288 unam,
258 4232 321 4299 qua
342 4212 434 4276 Deus
457 4211 563 4278 omnia
591 4225 775 4291 conservat,
798 4225 832 4278 et
852 4215 1007 4290 alteram,
1039 4235 1100 4298 qua
1128 4213 1235 4278 omnia
1256 4215 1338 4279 ordi·

127 4408 357 4426 -Μ-

163 4498 187 4565 ¹)
206 4497 252 4552 cf.
271 4498 412 4550 Nemee.
438 4502 479 4549 De
502 4506 558 4550 not.
583 4502 652 4549 bom.
679 4511 705 4550 c.
730 4501 781 4551 42.
808 4497 839 4548 ln
859 4494 1036 4582 Galland.
1053 4499 1124 4549 Bibl.
1141 4499 1196 4549 1³1³.
1215 4497 1247 4550 b.
1266 4498 1292 4551 t.
1309 4510 1338 4562 p,

127 4591 237 4643 t18.-
256 4588 284 4640 J.
301 4590 524 4642 Damnatam
541 4591 582 4642 De
596 4589 645 4647 dd·
664 4591 730 4642 ortt.
749 4590 768 4638 l.
786 4589 815 4640 2.
833 4602 858 4639 c.
877 4590 928 4643 29.
945 4586 1018 4656 opp,
1036 4586 1070 4641 b.
1089 4589 1114 4644 l,
1132 4600 1159 4655 p.
1178 4586 1236 4644 196.
