2926 5168
125 136 190 258 'ren

129 406 447 496 §.1tt.7.ttuood
457 390 1328 501 voluntatemneusestzo.omnipotens

120 596 122 601 ’
213 577 281 642 Sub
304 571 609 660 omnipotentia
632 593 679 637 ea
700 570 891 660 intelligitur
912 576 1156 658 perfectio,
1179 598 1255 667 qua
1277 574 1337 644 uo·

129 684 285 756 lnutas,
314 700 387 745 seu
419 676 613 743 essentia
641 675 783 741 divina
804 676 961 756 omnia,
983 702 1086 767 quae
1116 685 1158 749 in
1191 704 1237 751 se
1260 707 1337 751 non

130 798 228 854 suut
247 783 541 871 impossibilia,
562 782 812 868 etquidem
842 783 935 847 solo
965 797 1062 851 nutu
1096 787 1278 855 efficere
1300 798 1338 853 et

129 894 314 959 ¹eutrase
336 890 570 975 producere
591 897 742 973 potest.

196 997 267 1063 ux
286 1015 348 1082 qua
368 992 555 1059 definitione
574 992 666 1058 facile
687 991 895 1080 intelligitur,
925 996 1084 1079 quomodo
1107 992 1340 1084 omnipotentia

129 1086 309 1190 apoteutia
326 1099 446 1164 entium
464 1098 626 1164 finitorum
645 1098 855 1164 discernatur.
883 1098 1005 1164 Differt
1021 1112 1128 1166 autem
1149 1086 1258 1188 primo
1282 1124 1340 1169 ex·

130 1207 338 1279 tensione,
369 1216 443 1270 cu'm
471 1202 557 1268 entia
577 1202 665 1267 linita
690 1203 758 1267 suis
778 1201 930 1268 limitibus
955 1217 1171 1279 coarctentur,
1195 1195 1343 1296 omnipo·

130 1312 230 1380 tentia
248 1332 328 1376 vero
343 1307 465 1374 infinita
489 1327 527 1372 ac
543 1306 738 1373 inexhausta
760 1307 820 1382 sit,
843 1329 925 1394 quae
940 1329 1002 1374 nec
1020 1330 1170 1388 numero,
1194 1334 1259 1380 nec
1276 1336 1359 1380 ma-

129 1417 295 1508 gnitudine
325 1413 459 1500 operum
488 1411 655 1477 terminari
680 1424 807 1498 potest;
836 1412 950 1478 deinde
982 1417 1178 1500 operandi
1211 1421 1403 1494 modo...

129 1544 203 1590 nem
219 1520 305 1588 entia
320 1519 408 1584 finita
426 1517 580 1582 materiae
599 1516 751 1581 existenti
767 1516 1022 1606 adstringuntur,
1039 1531 1134 1607 atque
1145 1521 1418 1589 instrument-

130 1629 171 1694 tis
189 1639 297 1716 egent,
321 1645 380 1689 seu
402 1622 531 1688 nonnisi
553 1621 704 1686 adhibitis
727 1621 853 1686 viribus
878 1614 1022 1701 natiuae,
1037 1638 1142 1712 >atque
1160 1629 1433 1693 secuudum

129 1739 233 1824 leges,
256 1732 371 1820 quibus
387 1727 449 1795 hae
464 1730 613 1805 subsunt,
632 1748 731 1810 agere
748 1740 895 1814 possunt,
912 1730 1004 1794 Deus
1020 1744 1128 1797 autem
1145 1731 1217 1796 sola
1230 1730 1352 1798 volun·
1371 1750 1443 1793 ι·

129 1852 197 1907 tate
217 1860 266 1914 ea,
289 1857 371 1925 quae
386 1857 452 1900 non
469 1845 554 1909 sunt,
577 1834 617 1899 ad
635 1832 842 1899 existentiam
857 1845 971 1910 vocat,
995 1848 1050 1901 aut
1068 1835 1132 1912 illa,
1155 1855 1238 1925 quac
1255 1840 1450 1910 sunum.

130 1946 176 2012 in·
191 1942 253 2009 alia
274 1952 377 2008 mutat
385 1965 395 2016 ;
425 1942 494 2005 sola
516 1939 730 2029 repugnantia
749 1960 808 2004 seu
836 1939 1047 2025 impossibilia
1072 1946 1104 2006 ln
1131 1963 1168 2007 se
1197 1943 1346 2033 omnipo-
1362 1954 1457 2002 ct·

134 2048 235 2116 tentia
255 2046 391 2134 produci
412 2057 581 2133 nequeunt.
1124 2052 1127 2058 '

142 2154 165 2197 Γ
218 2157 473 2234 omnipotentiam
495 2156 554 2215 Dei
576 2162 786 2233 oppugnarunt
806 2154 1061 2214 Herminiani
1084 2173 1138 2215 seu
1161 2153 1413 2218 Seleuci-i
1441 2147 1461 2203 i·

132 2266 216 2335 ani,
238 2265 287 2341 qui
307 2262 428 2322 Platoni
451 2260 666 2330 adhaerentes,
697 2260 854 2319 materiam
878 2269 1038 2337 eapropter
1060 2269 1254 2321 coaeternam
1276 2265 1377 2324 Deo
1392 2267 1461 2311 ²3⁰

130 2370 356 2449 'excogitarunt
379 2367 448 2443 quia
470 2365 629 2443 negabant,
651 2365 749 2424 Deum
768 2383 859 2441 posse
878 2367 979 2424 facere
999 2365 1110 2443 aliquid
1129 2385 1167 2425 ex
1189 2365 1287 2427 nihilo
1308 2355 1419 2450 ¹J(
1434 2349 1460 2432 Ἰ

131 2454 200 2536 ilde
222 2492 339 2552 quoque
360 2490 452 2551 porro
483 2471 654 2548 pertinent,
686 2471 735 2546 qui
764 2471 822 2529 sibi
844 2473 930 2548 plura
950 2471 1099 2547 principie
1120 2472 1278 2531 contraria
1299 2473 1362 2531 in·
1381 2474 1458 2521 m·

132 2581 233 2640 vicem
249 2596 297 2637 ae
320 2583 481 2637 coaeterna
502 2575 666 2644 finxerunt,
688 2584 718 2634 et
742 2595 776 2634 eo
798 2575 865 2652 ipso
887 2577 1053 2653 potentiam
1077 2576 1187 2634 summi
1202 2576 1385 2637 Numidia
1404 2558 1457 2620 ἶ*

132 2681 319 2751 limitarunt,
348 2689 383 2740 ut
404 2681 603 2750 Marcion,
641 2681 869 2741 Manichaei
899 2692 929 2741 et
960 2681 1010 2741 alii
1038 2683 1078 2752 2).
1099 2678 1219 2740 Deinde
1252 2682 1455 2743 etiamst

133 2789 189 2861 illi,
212 2789 262 2866 qui
284 2795 435 2857 asserunt,
457 2788 555 2846 Deum
586 2804 645 2844 non
671 2804 764 2862 posse
792 2787 880 2863 plura
912 2795 942 2846 et
973 2785 1108 2862 majora,
1137 2779 1231 2864 ‘quam
1258 2774 1454 2856 facist-⁴.»

133 2894 248 2974 fecere,
277 2901 310 2952 ut
338 2893 582 2953 Abaelardus
605 2888 650 2974 ³),
680 2894 729 2970 qui
760 2901 860 2952 temen
890 2911 1026 2952 errorem
1058 2909 1144 2951 suum
1175 2880 1453 2960 revocavit25v

133 3016 227 3076 porro
249 2993 503 3066 chleffus,
531 2997 778 3067 Hobbesius,
811 2997 999 3074 Spinoza
1022 3006 1052 3056 et
1073 2994 1454 3057 Panhetstavt

131 3114 240 3164 omnes
263 3103 302 3172 ⁴).

189 3216 194 3223 ·
218 3203 325 3268 Deum
347 3201 600 3288 omnipotentem
623 3223 697 3267 esse
717 3203 784 3280 ita,
813 3215 848 3267 ut
875 3202 980 3268 omnia
1011 3214 1174 3289 potestate
1197 3219 1389 3290 compreae‘
1402 3201 1456 3246 θ’·

135 3308 264 3385 hendat,
286 3305 424 3395 nihilque
452 3329 517 3373 non
546 3307 654 3374 facere
683 3307 803 3394 possit,
832 3308 903 3373 sive
931 3309 1015 3395 quod
1046 3307 1188 3372 futurum
1217 3319 1271 3374 est
1292 3308 1387 3373 aliae
1396 3284 1459 3358 Ῑ·

137 3416 272 3502 quando,
295 3414 364 3478 sive
386 3414 469 3499 quod
491 3434 651 3501 nunquam
672 3413 738 3490 fiet,
761 3413 829 3479 lieri
851 3426 957 3479 tamen
979 3425 1111 3500 posset,
1132 3412 1463 3503 intelligimuoss

175 3534 178 3540 ⁴
248 3519 298 3584 Α.
321 3538 365 3583 ex
385 3519 457 3605 ipso
482 3517 614 3583 Verbo
636 3518 712 3583 Dei
734 3500 920 3605 script03
941 3518 973 3583 in
995 3539 1058 3604 quo

219 3647 248 3690 a.
270 3623 392 3717 passim
414 3623 506 3689 Deus
529 3629 820 3710 omnipotens,
848 3624 902 3688 vel
933 3624 1050 3689 solus
1071 3634 1242 3710 potens,
1272 3623 1293 3689 i.
1316 3616 1462 3690 aee*

136 3752 225 3806 vere,
246 3741 358 3816 utpote
379 3750 439 3816 per
459 3751 498 3813 se
522 3751 561 3794 ac
582 3728 703 3794 infinite
732 3743 861 3816 potens,
884 3730 1085 3805 nominatur,
1114 3740 1169 3793 aut
1196 3741 1345 3816 tanquam
1458 3728 1462 3756 ⁸

137 3837 201 3910 ille,
225 3836 291 3901 cui
313 3834 417 3900 nibil
438 3834 725 3920 impossihile,
747 3837 800 3900 vel
823 3835 919 3899 etiam
937 3834 1120 3901 difficile
1137 3833 1191 3910 sit,
1215 3833 1396 3900 exhibe*
1413 3832 1450 3865 ⁵

171 4117 196 4182 ¹)
215 4117 257 4170 Cf.
275 4115 473 4181 Angustia.
493 4119 533 4168 De
550 4121 627 4169 noer.
645 4119 731 4170 Hoer.
752 4122 801 4169 39.
821 4117 890 4185 Opp.
905 4119 937 4171 Τ.
956 4120 981 4169 8.
999 4133 1024 4171 c.
1041 4119 1085 4171 20.

171 4200 196 4273 ²)
215 4206 256 4260 ct.
274 4204 449 4272 Epiphan.
467 4209 535 4258 Ado.
553 4210 629 4258 haer.
647 4208 731 4258 Hoer.
749 4211 800 4259 4².
824 4223 851 4261 n.
871 4213 900 4261 2.
919 4208 992 4274 Opp.·
1005 4209 1038 4262 Τ.
1058 4210 1083 4260 Ι.
1101 4220 1129 4272 ρ.
1148 4207 1200 4257 303
1218 4218 1245 4259 s.
1263 4199 1437 4258 hatest

139 4302 187 4348 ⁶⁶.
205 4313 232 4349 a.
250 4299 278 4346 8.
297 4310 322 4361 p.
340 4294 610 4349 aaa-Terenti.
629 4297 698 4347 Acte.
718 4296 849 4348 Marcion.
865 4300 892 4349 1.
912 4302 939 4347 1.
959 4311 984 4348 e.
1004 4300 1031 4347 2.
1052 4296 1123 4362 Opp.
1140 4295 1176 4348 V.
1195 4297 1224 4347 ².
1243 4308 1272 4361 p.
1290 4293 1383 4343 them
1404 4303 1428 4319 ‘

171 4379 197 4447 3)
215 4386 315 4437 aaron.
334 4389 362 4436 n
381 4389 474 4438 ruem
493 4389 512 4436 t.
532 4387 559 4434 a.
578 4382 648 4450 epp.
666 4383 731 4436 Par.
754 4386 828 4437 tete.
843 4399 872 4450 p.
892 4388 958 4438 1112
992 4401 1036 4438 ss.
1061 4388 1176 4446 neutra.
1195 4387 1283 4445 uetat.
1300 4368 1443 4433 τωο

158 4472 246 4527 .33’1.
1191 4506 1194 4512 ,
1301 4478 1304 4483 ·

139 4491 197 4634 pl)
216 4562 259 4617 cf.
276 4561 405 4627 Wleat,
420 4565 509 4618 ,inette
528 4565 611 4617 eleut.
629 4560 751 4650 Bpstad,
769 4569 798 4615 et
814 4563 932 4634 lngolst.
950 4564 1016 4616 1782
1033 4578 1073 4617 ss.
1092 4563 1166 4618 'l'.'h.
1181 4575 1209 4630 p,
1224 4563 1281 4616 lob.
