2926 5168
87 120 189 186 tetum
211 108 270 172 sed
279 106 546 194 quemadmodum
564 106 656 169 Dens
672 106 790 171 bonum
804 106 843 170 ab
859 118 993 171 aeterno
1004 104 1127 195 diligit,
1151 105 1196 170 ita
1212 105 1288 169 illud

88 213 127 277 ab
146 225 280 278 aeterno
295 212 458 276 liberrime
473 209 557 284 vult,
579 221 673 295 atque
700 202 965 295 quemadmodum
987 210 1105 275 bonum
1120 209 1289 275 liberrime

88 317 128 380 ab
149 327 283 381 aeterno
300 316 384 388 vult,
407 316 451 379 ita
470 326 504 379 et
521 314 560 377 ab
573 326 705 378 aeterno
723 315 799 378 illud
815 314 928 403 diligit

171 422 227 485 Ex
243 421 432 507 qnibnsuna
447 418 629 506 colligitur,
652 419 857 483 sanctitatem
884 419 1023 483 divinam
1047 441 1065 483 a
1090 420 1209 483 virtute
1232 419 1287 482 bu·

88 546 198 601 mana,
221 538 256 590 ut
295 523 401 589 omnia
431 524 581 588 attributa
611 523 735 598 divina,
767 524 926 599 essentia,
957 548 998 603 τῳ
1033 517 1111 597 ὄντι,
1143 522 1284 588 differre.

90 628 258 695 Sanctitas
276 628 361 694 enim
380 629 486 694 divina
502 629 641 705 minime,
659 641 694 692 nt
706 630 810 694 virtus
830 631 985 703 bumana,
1007 630 1038 694 in
1058 651 1163 715 pugna
1178 632 1290 693 adver-

89 757 146 798 sus
167 757 319 800 sensuum
335 734 526 808 illecebras,
550 733 633 798 etin
662 734 768 800 studio
791 734 1001 820 perlectionis
1025 735 1209 819 reponitur,
1234 735 1293 798 sed

89 850 140 902 est
160 838 319 923 perfectio
336 840 499 922 ebsolnta3
522 840 553 903 in
569 840 642 903 Deo
654 839 738 904 enim
756 841 839 904 nulla
854 862 989 924 prorsus
1005 840 1181 919 contentio,
1199 850 1296 924 prout

89 945 208 1008 nullum
232 945 380 1010 absolute
404 956 573 1030 peccatum
606 945 674 1008 dari
704 956 820 1030 potest.
850 946 955 1010 Porro
982 946 1239 1029 haudquaquam,
1261 955 1297 1007 nt

89 1048 211 1121 virtus,
235 1047 348 1135 angeri
365 1049 417 1112 vel
436 1049 531 1113 etiam
549 1047 691 1111 imminui
709 1059 839 1133 potest,
862 1051 920 1112 sed
935 1049 996 1113 sibi
1016 1060 1068 1112 est
1087 1048 1214 1133 penitus
1222 1069 1296 1112 con·

93 1163 185 1214 stans
203 1172 241 1217 ac
260 1151 475 1219 immutabilis.
498 1153 603 1237 Atque
622 1152 768 1226 tandem,
792 1154 836 1216 uti
865 1153 905 1216 ab
936 1152 1021 1216 omni
1050 1153 1099 1227 vi,
1121 1153 1164 1216 ita
1193 1164 1226 1215 et
1254 1153 1294 1215 ab

97 1255 247 1320 omnibns
266 1277 420 1321 sensuum
438 1256 601 1321 illecebris
621 1259 750 1322 omnino
764 1270 815 1322 est
833 1259 1001 1332 immunis,
1025 1270 1058 1322 et
1079 1258 1243 1322 liberrima
1259 1277 1298 1321 ac

89 1359 273 1444 purissima.
295 1360 408 1446 Neque
423 1361 455 1425 in
471 1362 544 1425 Deo
560 1363 599 1425 de
613 1363 721 1427 debito
742 1375 796 1426 ant
812 1362 922 1428 officio
941 1364 1049 1449 quaeri
1062 1374 1178 1449 potest,
1201 1384 1296 1449 quum

90 1466 151 1530 boc
165 1476 289 1529 tantum
306 1465 345 1529 ad
360 1477 493 1530 naturas
509 1465 743 1554 intelligentes,
767 1489 786 1531 a
805 1488 842 1531 se
866 1467 1004 1532 invicem
1026 1469 1221 1553 pendentes,
1244 1479 1298 1530 aut

91 1568 188 1633 alicui
207 1570 371 1653 subjectas
382 1571 553 1643 reseratur,
576 1592 657 1656 quae
670 1573 745 1637 illud
762 1573 856 1636 etiam
868 1572 1039 1659 negligere
1058 1572 1193 1656 possint,
1205 1572 1297 1635 Deus

90 1685 198 1738 antem
218 1694 354 1759 prorsus
368 1674 605 1761 independens,
634 1699 806 1763 supremus
832 1697 942 1742 rerum
966 1677 1104 1741 omnium
1125 1676 1295 1750 Dominus,

93 1788 188 1863 atque
209 1778 394 1843 essentialis
415 1799 454 1845 ac
467 1780 588 1845 inlinita
605 1782 762 1868 perfectio
779 1782 830 1847 sit.

173 1882 246 1947 Deo
267 1904 424 1947 summam
439 1897 626 1971 competere
641 1887 860 1961 sanctitatem,
883 1887 1073 1972 probamus:

216 1988 255 2050 A.
278 1986 335 2052 Ex
361 1989 424 2052 SS.
446 1989 648 2065 Litteris,
672 2012 805 2077 quarum
827 2011 889 2054 una
912 2012 979 2056 vox
995 2002 1063 2065 est,
1086 1991 1193 2054 Deum
1216 2010 1292 2053 esse

90 2091 344 2158 sanctissimum.
366 2092 559 2178 Et·quidem

174 2196 330 2262 aDeum
373 2218 531 2283 expresse
560 2211 767 2273 sanctum,
797 2210 957 2265 rectum
989 2210 1031 2262 et
1054 2200 1211 2284 justum
1239 2218 1296 2282 per

92 2300 340 2376 excellentiam,
363 2313 459 2388 atque
481 2306 620 2368 solnm
650 2307 797 2370 bonum
829 2326 888 2369 seu
917 2303 1156 2389 perfeetum
1190 2304 1295 2387 adpel-

90 2408 165 2473 lant.
188 2407 261 2470 Huc
278 2407 438 2491 pertinent
455 2408 622 2492 sequentia
637 2407 731 2473 effata
753 2411 790 2473 Α.
813 2409 872 2472 tt:
902 2417 989 2471 Deus
1013 2411 1130 2491 fidelis,
1152 2417 1184 2471 et
1204 2411 1296 2470 aba·

93 2534 169 2593 qus
190 2515 625 2595 iniquitate,juslus
647 2526 686 2578 et
706 2522 848 2577 rectus
870 2513 907 2597 ¹).
936 2512 1049 2575 Sancti
1065 2520 1174 2586 estole,
1197 2517 1294 2592 quia

94 2636 166 2692 ‘9⁰
189 2623 371 2680 canelus
392 2639 479 2680 sum
500 2616 539 2703 2).
557 2626 688 2681 —Non
709 2630 776 2683 est
796 2625 985 2698 sanctur,
1007 2625 1051 2678 ut
1069 2624 1136 2678 est
1154 2619 1296 2680 Domi-

89 2737 189 2781 nus:
211 2726 414 2802 nequeenim
433 2724 518 2784 altus
535 2731 584 2785 est
597 2731 693 2784 esdra
709 2731 739 2784 te
762 2720 799 2807 8).
823 2760 863 2770 -
885 2721 1101 2793 Sanctum,
1125 2724 1296 2783 atterrat-

90 2820 126 2881 λι
148 2844 263 2886 nomm
276 2828 353 2904 'dus
374 2828 408 2908 4).
418 2833 512 2890 -Et
528 2828 711 2890 clamabant
719 2824 934 2910 (Seraphim)
947 2828 1029 2888 alter
1046 2827 1243 2896 adulterum,
1265 2832 1299 2886 et

98 2928 260 2991 dicebant:
281 2928 488 3012 Sanetus,
509 2940 706 3008 sanctus,
730 2940 906 2998 sauctus
928 2931 961 3012 (i.
985 2951 1013 2995 e.
1037 2916 1161 2995 stimme
1190 2932 1295 2994 bouus

94 3045 152 3093 fleu
171 3030 356 3117 perlectus,
379 3046 412 3099 et
424 3034 498 3100 ideo
512 3057 636 3100 summe
653 3035 886 3116 venerandus),
910 3037 1068 3098 Dominus
1082 3040 1292 3108 caeercituum,

90 3135 186 3207 plena
204 3146 255 3200 est
268 3143 370 3201 omnis
391 3147 479 3203 terra
494 3145 598 3221 ylario
616 3148 687 3222 rjtts
710 3150 747 3218 ⁵).
771 3179 810 3191 -
832 3141 878 3205 Et
892 3160 935 3203 ex
949 3140 992 3207 N.
1009 3140 1069 3207 T.:
1092 3148 1203 3205 Estote
1216 3162 1295 3218 per-

87 3234 192 3316 fecti,
213 3244 486 3308 siculelPater
511 3255 649 3308 vester
677 3250 888 3310 eoelestis
913 3249 1143 3325 perfectus
1175 3252 1240 3307 eat
1259 3250 1297 3325 ⁸).

87 3364 115 3385 r
155 3344 277 3409 Unus
296 3360 366 3412 ost
385 3350 538 3431 donus,
561 3351 580 3414 i.
601 3373 628 3416 e.
651 3372 732 3414 nnus
750 3372 829 3415 vere
846 3371 883 3415 ac
904 3349 1050 3413 absolute
1075 3348 1240 3435 perlectus
1263 3360 1296 3412 et

73 3451 227 3514 ’ὅπως
250 3451 286 3537 ’).
309 3489 351 3501 -
372 3457 438 3517 Sed
451 3459 628 3518 secundum
644 3476 734 3529 eum,
762 3463 816 3539 qul
838 3460 960 3518 vorarit
979 3475 1055 3528 eoa,
1078 3454 1296 3519 Sanctum:

54 3603 337 3649 Q..-

76 3683 118 3745 ¹)
173 3694 256 3749 Dent.
273 3699 317 3758 32,
335 3698 361 3750 t.

68 3760 1026 3854 {)nmmmmmemammammmm

59 3848 105 3919 ³)
174 3872 195 3924 ι.
212 3877 283 3941 neg.
299 3877 326 3938 2,
344 3879 372 3930 2.
391 3876 433 3930 cf.
451 3878 478 3929 ι.
495 3876 566 3942 neg.
587 3880 628 3939 to,
645 3879 689 3930 22.

53 3937 98 4006 ἢ
168 3958 1240 4029 mmammmmmmmummmmmma

10 4022 83 4170 ¹¹⁹⁵)
111 4046 206 4187 ¹1:
221 4054 248 4114 o,
274 4054 300 4105 a.
329 4053 371 4108 et.
405 4056 429 4115 ι,
453 4056 479 4107 n.
504 4056 529 4114 s,
555 4057 596 4107 ιι.
625 4057 665 4116 ιο,
692 4057 735 4108 ao.
762 4058 802 4117 ι2,
822 4057 971 4119 o.2o,1o.
997 4058 1042 4109 23.
1067 4059 1110 4122 at,
1140 4059 1165 4109 ι.
1183 4058 1226 4117 no,
1250 4057 1293 4106 2⁵.

42 4195 77 4320 ζ)
149 4222 270 4284 nstro.
287 4232 313 4296 s,
332 4233 374 4285 ns.

58 4290 75 4353 )
145 4308 267 4370 matun.
287 4321 328 4383 ro,
348 4324 388 4375 ιι.
409 4321 452 4376 οι.
472 4321 551 4377 torn.
573 4325 613 4386 ιι,
633 4322 673 4373 ιι.
693 4322 733 4375 ιι.
752 4323 837 4390 apoc.
857 4323 898 4386 u,
917 4324 942 4378 ι.

1054 4414 1092 4480 tl
