<?xml version="1.0" encoding="UTF-8"?>
<!DOCTYPE html PUBLIC "-//W3C//DTD XHTML 1.0 Transitional//EN"
    "http://www.w3.org/TR/xhtml1/DTD/xhtml1-transitional.dtd">
<html xmlns="http://www.w3.org/1999/xhtml" xml:lang="en" lang="en">
 <head>
  <title>
</title>
<meta http-equiv="Content-Type" content="text/html;charset=utf-8" />
  <meta name='ocr-system' content='tesseract 3.04.00' />
  <meta name='ocr-capabilities' content='ocr_page ocr_carea ocr_par ocr_line ocrx_word'/>
</head>
<body>
  <div class='ocr_page' id='page_1' title='image "./theologiadogmat01schwgoog_0280.png"; bbox 0 0 2926 5168; ppageno 0'>
   <div class='ocr_carea' id='block_1_1' title="bbox 127 380 1346 1516">
    <p class='ocr_par' dir='ltr' id='par_1_1' title="bbox 138 380 1346 889">
     <span class='ocr_line' id='line_1_1' title="bbox 139 380 1346 472; baseline 0.009 -33"><span class='ocrx_word' id='word_1_1' title='bbox 139 380 240 440; x_wconf 88' lang='lat' dir='ltr'><strong>datum</strong></span> <span class='ocrx_word' id='word_1_2' title='bbox 252 400 277 461; x_wconf 33' lang='lat' dir='ltr'><strong>a·</strong></span> <span class='ocrx_word' id='word_1_3' title='bbox 287 384 378 442; x_wconf 83' lang='lat' dir='ltr'><strong>Patre</strong></span> <span class='ocrx_word' id='word_1_4' title='bbox 395 382 558 459; x_wconf 84' lang='lat' dir='ltr'><strong>accepisse·</strong></span> <span class='ocrx_word' id='word_1_5' title='bbox 571 383 608 461; x_wconf 88' lang='lat'><strong>¹),</strong></span> <span class='ocrx_word' id='word_1_6' title='bbox 630 383 752 444; x_wconf 86' lang='lat' dir='ltr'><strong>Patrem</strong></span> <span class='ocrx_word' id='word_1_7' title='bbox 773 384 872 444; x_wconf 89' lang='lat' dir='ltr'><strong>omnia</strong></span> <span class='ocrx_word' id='word_1_8' title='bbox 887 386 917 443; x_wconf 90' lang='lat' dir='ltr'><strong>in</strong></span> <span class='ocrx_word' id='word_1_9' title='bbox 942 402 1030 445; x_wconf 83' lang='lat' dir='ltr'><strong>uranu</strong></span> <span class='ocrx_word' id='word_1_10' title='bbox 1046 385 1110 460; x_wconf 87' lang='lat' dir='ltr'><strong>ejus</strong></span> <span class='ocrx_word' id='word_1_11' title='bbox 1122 387 1245 451; x_wconf 86' lang='lat' dir='ltr'><strong>dedisse</strong></span> <span class='ocrx_word' id='word_1_12' title='bbox 1260 386 1298 472; x_wconf 77' lang='lat'><strong>²),</strong></span> <span class='ocrx_word' id='word_1_13' title='bbox 1316 399 1346 451; x_wconf 88' lang='lat' dir='ltr'><strong>et</strong></span> 
     </span>
     <span class='ocr_line' id='line_1_2' title="bbox 139 487 1345 571; baseline 0.007 -26"><span class='ocrx_word' id='word_1_14' title='bbox 139 488 240 546; x_wconf 80' lang='lat' dir='ltr'><strong>omnia</strong></span> <span class='ocrx_word' id='word_1_15' title='bbox 264 488 292 545; x_wconf 83' lang='lat' dir='ltr'><strong>ci</strong></span> <span class='ocrx_word' id='word_1_16' title='bbox 308 487 521 546; x_wconf 84' lang='lat' dir='ltr'><strong>demonstrare</strong></span> <span class='ocrx_word' id='word_1_17' title='bbox 534 493 573 564; x_wconf 80' lang='lat'><strong>⁸),</strong></span> <span class='ocrx_word' id='word_1_18' title='bbox 596 490 680 549; x_wconf 87' lang='lat' dir='ltr'><strong>illum</strong></span> <span class='ocrx_word' id='word_1_19' title='bbox 704 491 822 550; x_wconf 86' lang='lat' dir='ltr'><strong>seilicet</strong></span> <span class='ocrx_word' id='word_1_20' title='bbox 840 491 1031 568; x_wconf 80' lang='lat' dir='ltr'><strong>generando,</strong></span> <span class='ocrx_word' id='word_1_21' title='bbox 1054 501 1082 556; x_wconf 81' lang='lat' dir='ltr'><strong>et</strong></span> <span class='ocrx_word' id='word_1_22' title='bbox 1101 512 1154 568; x_wconf 91' lang='lat' dir='ltr'><strong>per</strong></span> <span class='ocrx_word' id='word_1_23' title='bbox 1174 496 1345 571; x_wconf 78' lang='lat' dir='ltr'><strong>generatio·</strong></span> 
     </span>
     <span class='ocr_line' id='line_1_3' title="bbox 138 591 1345 677; baseline 0.008 -28"><span class='ocrx_word' id='word_1_24' title='bbox 138 609 206 649; x_wconf 90' lang='lat' dir='ltr'><strong>nem</strong></span> <span class='ocrx_word' id='word_1_25' title='bbox 224 591 283 667; x_wconf 90' lang='lat' dir='ltr'><strong>ipsi</strong></span> <span class='ocrx_word' id='word_1_26' title='bbox 306 600 445 649; x_wconf 84' lang='lat' dir='ltr'><strong>naturam</strong></span> <span class='ocrx_word' id='word_1_27' title='bbox 468 591 613 660; x_wconf 88' lang='lat' dir='ltr'><strong>divinam,</strong></span> <span class='ocrx_word' id='word_1_28' title='bbox 644 601 762 651; x_wconf 85' lang='lat' dir='ltr'><strong>etcum</strong></span> <span class='ocrx_word' id='word_1_29' title='bbox 791 592 847 652; x_wconf 86' lang='lat' dir='ltr'><strong>hae</strong></span> <span class='ocrx_word' id='word_1_30' title='bbox 877 611 996 654; x_wconf 88' lang='lat' dir='ltr'><strong>omnem</strong></span> <span class='ocrx_word' id='word_1_31' title='bbox 1020 599 1223 659; x_wconf 80' lang='lat' dir='ltr'><strong>seientiamet</strong></span> <span class='ocrx_word' id='word_1_32' title='bbox 1242 610 1345 677; x_wconf 84' lang='lat' dir='ltr'><strong>puton-</strong></span> 
     </span>
     <span class='ocr_line' id='line_1_4' title="bbox 138 696 1345 784; baseline 0.01 -31"><span class='ocrx_word' id='word_1_33' title='bbox 138 697 211 754; x_wconf 87' lang='lat' dir='ltr'><strong>tiaru</strong></span> <span class='ocrx_word' id='word_1_34' title='bbox 227 696 490 764; x_wconf 84' lang='lat' dir='ltr'><strong>eorumunieando,</strong></span> <span class='ocrx_word' id='word_1_35' title='bbox 515 705 544 754; x_wconf 84' lang='lat' dir='ltr'><strong>et</strong></span> <span class='ocrx_word' id='word_1_36' title='bbox 562 697 726 778; x_wconf 78' lang='lat' dir='ltr'><strong>ejusmodi3</strong></span> <span class='ocrx_word' id='word_1_37' title='bbox 750 700 807 756; x_wconf 86' lang='lat' dir='ltr'><strong>etsi</strong></span> <span class='ocrx_word' id='word_1_38' title='bbox 832 698 905 757; x_wconf 87' lang='lat' dir='ltr'><strong>haec</strong></span> <span class='ocrx_word' id='word_1_39' title='bbox 931 701 1020 758; x_wconf 90' lang='lat' dir='ltr'><strong>etiem</strong></span> <span class='ocrx_word' id='word_1_40' title='bbox 1044 701 1079 759; x_wconf 92' lang='lat' dir='ltr'><strong>ad</strong></span> <span class='ocrx_word' id='word_1_41' title='bbox 1104 703 1225 782; x_wconf 84' lang='lat' dir='ltr'><strong>Jesum,</strong></span> <span class='ocrx_word' id='word_1_42' title='bbox 1245 713 1345 784; x_wconf 82' lang='lat' dir='ltr'><strong>quate·</strong></span> 
     </span>
     <span class='ocr_line' id='line_1_5' title="bbox 138 799 1168 889; baseline 0.008 -30"><span class='ocrx_word' id='word_1_43' title='bbox 138 819 195 860; x_wconf 85' lang='lat' dir='ltr'><strong>nus</strong></span> <span class='ocrx_word' id='word_1_44' title='bbox 210 810 350 878; x_wconf 83' lang='lat' dir='ltr'><strong>tanquam</strong></span> <span class='ocrx_word' id='word_1_45' title='bbox 368 801 456 860; x_wconf 90' lang='lat' dir='ltr'><strong>homo</strong></span> <span class='ocrx_word' id='word_1_46' title='bbox 475 804 609 879; x_wconf 83' lang='lat' dir='ltr'><strong>Legatus</strong></span> <span class='ocrx_word' id='word_1_47' title='bbox 628 799 748 862; x_wconf 83' lang='lat' dir='ltr'><strong>divinus</strong></span> <span class='ocrx_word' id='word_1_48' title='bbox 767 811 832 871; x_wconf 88' lang='lat' dir='ltr'><strong>cst,</strong></span> <span class='ocrx_word' id='word_1_49' title='bbox 855 803 967 862; x_wconf 81' lang='lat' dir='ltr'><strong>referri</strong></span> <span class='ocrx_word' id='word_1_50' title='bbox 985 817 1111 880; x_wconf 77' lang='lat' dir='ltr'><strong>possunt</strong></span> <span class='ocrx_word' id='word_1_51' title='bbox 1135 805 1168 889; x_wconf 81' lang='lat'><strong>⁴).</strong></span> 
     </span>
    </p>

    <p class='ocr_par' dir='ltr' id='par_1_2' title="bbox 127 905 1345 1516">
     <span class='ocr_line' id='line_1_6' title="bbox 222 905 1345 990; baseline 0.004 -22"><span class='ocrx_word' id='word_1_52' title='bbox 222 905 255 968; x_wconf 77' lang='lat' dir='ltr'><strong>lt.</strong></span> <span class='ocrx_word' id='word_1_53' title='bbox 276 906 409 964; x_wconf 75' lang='lat' dir='ltr'><strong>Prorsus</strong></span> <span class='ocrx_word' id='word_1_54' title='bbox 438 908 550 966; x_wconf 89' lang='lat' dir='ltr'><strong>nullam</strong></span> <span class='ocrx_word' id='word_1_55' title='bbox 579 907 788 967; x_wconf 81' lang='lat' dir='ltr'><strong>difficultatem</strong></span> <span class='ocrx_word' id='word_1_56' title='bbox 819 917 917 967; x_wconf 87' lang='lat' dir='ltr'><strong>autem</strong></span> <span class='ocrx_word' id='word_1_57' title='bbox 949 913 1070 986; x_wconf 90' lang='lat' dir='ltr'><strong>pariunt</strong></span> <span class='ocrx_word' id='word_1_58' title='bbox 1098 914 1209 982; x_wconf 88' lang='lat' dir='ltr'><strong>verba,</strong></span> <span class='ocrx_word' id='word_1_59' title='bbox 1239 914 1345 990; x_wconf 86' lang='lat' dir='ltr'><strong>quibus</strong></span> 
     </span>
     <span class='ocr_line' id='line_1_7' title="bbox 136 1010 1345 1089; baseline 0.007 -18"><span class='ocrx_word' id='word_1_60' title='bbox 136 1013 269 1071; x_wconf 83' lang='lat' dir='ltr'><strong>Mariam</strong></span> <span class='ocrx_word' id='word_1_61' title='bbox 304 1012 516 1089; x_wconf 76' lang='lat' dir='ltr'><strong>Magdalenanr</strong></span> <span class='ocrx_word' id='word_1_62' title='bbox 555 1015 663 1072; x_wconf 80' lang='lat' dir='ltr'><strong>allatus</strong></span> <span class='ocrx_word' id='word_1_63' title='bbox 697 1020 744 1071; x_wconf 88' lang='lat' dir='ltr'><strong>est</strong></span> <span class='ocrx_word' id='word_1_64' title='bbox 773 1013 938 1074; x_wconf 83' lang='lat' dir='ltr'><strong>Dominus:</strong></span> <span class='ocrx_word' id='word_1_65' title='bbox 969 1010 1116 1075; x_wconf 76' lang='lat' dir='ltr'><strong>Ascendo</strong></span> <span class='ocrx_word' id='word_1_66' title='bbox 1147 1017 1191 1077; x_wconf 81' lang='lat' dir='ltr'><strong>cd</strong></span> <span class='ocrx_word' id='word_1_67' title='bbox 1220 1021 1345 1079; x_wconf 84' lang='lat' dir='ltr'><strong>Patrem</strong></span> 
     </span>
     <span class='ocr_line' id='line_1_8' title="bbox 133 1116 1341 1204; baseline 0.007 -29"><span class='ocrx_word' id='word_1_68' title='bbox 133 1134 246 1176; x_wconf 80' lang='lat' dir='ltr'><strong>meum</strong></span> <span class='ocrx_word' id='word_1_69' title='bbox 255 1159 267 1194; x_wconf 90' lang='lat'><strong>,</strong></span> <span class='ocrx_word' id='word_1_70' title='bbox 299 1121 330 1175; x_wconf 89' lang='lat' dir='ltr'><strong>et</strong></span> <span class='ocrx_word' id='word_1_71' title='bbox 354 1120 478 1177; x_wconf 75' lang='lat' dir='ltr'><strong>Patrem</strong></span> <span class='ocrx_word' id='word_1_72' title='bbox 500 1122 655 1189; x_wconf 82' lang='lat' dir='ltr'><strong>oestrum,</strong></span> <span class='ocrx_word' id='word_1_73' title='bbox 686 1116 791 1178; x_wconf 82' lang='lat' dir='ltr'><strong>Deum</strong></span> <span class='ocrx_word' id='word_1_74' title='bbox 812 1135 932 1187; x_wconf 82' lang='lat' dir='ltr'><strong>meum,</strong></span> <span class='ocrx_word' id='word_1_75' title='bbox 954 1127 986 1180; x_wconf 86' lang='lat' dir='ltr'><strong>et</strong></span> <span class='ocrx_word' id='word_1_76' title='bbox 1014 1119 1117 1181; x_wconf 82' lang='lat' dir='ltr'><strong>Deum</strong></span> <span class='ocrx_word' id='word_1_77' title='bbox 1142 1126 1282 1184; x_wconf 77' lang='lat' dir='ltr'><strong>vestrum</strong></span> <span class='ocrx_word' id='word_1_78' title='bbox 1306 1120 1341 1204; x_wconf 76' lang='lat'><strong>⁵).</strong></span> 
     </span>
     <span class='ocr_line' id='line_1_9' title="bbox 130 1222 1342 1289; baseline 0.005 -7"><span class='ocrx_word' id='word_1_79' title='bbox 130 1224 214 1282; x_wconf 87' lang='lat' dir='ltr'><strong>Nam</strong></span> <span class='ocrx_word' id='word_1_80' title='bbox 231 1222 372 1281; x_wconf 81' lang='lat' dir='ltr'><strong>Christus</strong></span> <span class='ocrx_word' id='word_1_81' title='bbox 392 1241 449 1282; x_wconf 87' lang='lat' dir='ltr'><strong>non</strong></span> <span class='ocrx_word' id='word_1_82' title='bbox 474 1223 577 1281; x_wconf 86' lang='lat' dir='ltr'><strong>eadem</strong></span> <span class='ocrx_word' id='word_1_83' title='bbox 600 1224 718 1282; x_wconf 89' lang='lat' dir='ltr'><strong>rationo</strong></span> <span class='ocrx_word' id='word_1_84' title='bbox 739 1224 862 1282; x_wconf 88' lang='lat' dir='ltr'><strong>Patrem</strong></span> <span class='ocrx_word' id='word_1_85' title='bbox 885 1226 1046 1284; x_wconf 80' lang='lat' dir='ltr'><strong>coelestem</strong></span> <span class='ocrx_word' id='word_1_86' title='bbox 1056 1227 1178 1287; x_wconf 83' lang='lat' dir='ltr'><strong>Patrem</strong></span> <span class='ocrx_word' id='word_1_87' title='bbox 1202 1239 1232 1288; x_wconf 84' lang='lat' dir='ltr'><strong>ot</strong></span> <span class='ocrx_word' id='word_1_88' title='bbox 1245 1232 1342 1289; x_wconf 85' lang='lat' dir='ltr'><strong>Deum</strong></span> 
     </span>
     <span class='ocr_line' id='line_1_10' title="bbox 133 1328 1344 1405; baseline 0.008 -19"><span class='ocrx_word' id='word_1_89' title='bbox 133 1346 229 1386; x_wconf 77' lang='lat' dir='ltr'><strong>suuni</strong></span> <span class='ocrx_word' id='word_1_90' title='bbox 252 1346 288 1386; x_wconf 83' lang='lat' dir='ltr'><strong>ac</strong></span> <span class='ocrx_word' id='word_1_91' title='bbox 309 1328 528 1405; x_wconf 86' lang='lat' dir='ltr'><strong>discipulorum</strong></span> <span class='ocrx_word' id='word_1_92' title='bbox 551 1328 702 1404; x_wconf 75' lang='lat' dir='ltr'><strong>adponat,</strong></span> <span class='ocrx_word' id='word_1_93' title='bbox 725 1330 855 1405; x_wconf 83' lang='lat' dir='ltr'><strong>alioquin</strong></span> <span class='ocrx_word' id='word_1_94' title='bbox 888 1329 988 1389; x_wconf 86' lang='lat' dir='ltr'><strong>dicore</strong></span> <span class='ocrx_word' id='word_1_95' title='bbox 1016 1332 1185 1392; x_wconf 79' lang='lat' dir='ltr'><strong>debuisset:</strong></span> <span class='ocrx_word' id='word_1_96' title='bbox 1217 1330 1344 1396; x_wconf 72' lang='lat' dir='ltr'><strong>Patrem</strong></span> 
     </span>
     <span class='ocr_line' id='line_1_11' title="bbox 127 1431 1345 1516; baseline 0.007 -25"><span class='ocrx_word' id='word_1_97' title='bbox 127 1439 166 1491; x_wconf 83' lang='lat' dir='ltr'><strong>et</strong></span> <span class='ocrx_word' id='word_1_98' title='bbox 196 1431 302 1491; x_wconf 83' lang='lat' dir='ltr'><strong>Deum</strong></span> <span class='ocrx_word' id='word_1_99' title='bbox 334 1440 501 1510; x_wconf 69' lang='lat' dir='ltr'><strong>nostruin,-</strong></span> <span class='ocrx_word' id='word_1_100' title='bbox 523 1433 575 1493; x_wconf 88' lang='lat' dir='ltr'><strong>sed</strong></span> <span class='ocrx_word' id='word_1_101' title='bbox 593 1452 701 1492; x_wconf 85' lang='lat' dir='ltr'><strong>sensus</strong></span> <span class='ocrx_word' id='word_1_102' title='bbox 722 1433 811 1508; x_wconf 89' lang='lat' dir='ltr'><strong>hujus</strong></span> <span class='ocrx_word' id='word_1_103' title='bbox 829 1436 912 1493; x_wconf 78' lang='lat' dir='ltr'><strong>effati</strong></span> <span class='ocrx_word' id='word_1_104' title='bbox 934 1438 1031 1495; x_wconf 94' lang='lat' dir='ltr'><strong>nullus</strong></span> <span class='ocrx_word' id='word_1_105' title='bbox 1053 1439 1132 1496; x_wconf 83' lang='lat' dir='ltr'><strong>elius</strong></span> <span class='ocrx_word' id='word_1_106' title='bbox 1154 1447 1215 1506; x_wconf 83' lang='lat' dir='ltr'><strong>est,</strong></span> <span class='ocrx_word' id='word_1_107' title='bbox 1239 1457 1345 1516; x_wconf 86' lang='lat' dir='ltr'><strong>quam:</strong></span> 
     </span>
    </p>
   </div>
   <div class='ocr_carea' id='block_1_2' title="bbox 124 1539 1344 1721">
    <p class='ocr_par' dir='ltr' id='par_1_3' title="bbox 124 1539 1344 1721">
     <span class='ocr_line' id='line_1_12' title="bbox 124 1539 1344 1616; baseline 0.004 -16"><span class='ocrx_word' id='word_1_108' title='bbox 124 1539 281 1600; x_wconf 76' lang='lat' dir='ltr'><strong>Ascendo</strong></span> <span class='ocrx_word' id='word_1_109' title='bbox 304 1539 340 1597; x_wconf 86' lang='lat' dir='ltr'><strong>ad</strong></span> <span class='ocrx_word' id='word_1_110' title='bbox 364 1558 450 1612; x_wconf 87' lang='lat' dir='ltr'><strong>eum,</strong></span> <span class='ocrx_word' id='word_1_111' title='bbox 473 1541 523 1616; x_wconf 85' lang='lat' dir='ltr'><strong>qui</strong></span> <span class='ocrx_word' id='word_1_112' title='bbox 546 1558 663 1599; x_wconf 73' lang='lat' dir='ltr'><strong>sumnia</strong></span> <span class='ocrx_word' id='word_1_113' title='bbox 684 1540 893 1601; x_wconf 83' lang='lat' dir='ltr'><strong>benevolentia</strong></span> <span class='ocrx_word' id='word_1_114' title='bbox 917 1549 946 1600; x_wconf 87' lang='lat' dir='ltr'><strong>et</strong></span> <span class='ocrx_word' id='word_1_115' title='bbox 969 1541 1085 1600; x_wconf 85' lang='lat' dir='ltr'><strong>infinito</strong></span> <span class='ocrx_word' id='word_1_116' title='bbox 1109 1559 1213 1604; x_wconf 87' lang='lat' dir='ltr'><strong>amore</strong></span> <span class='ocrx_word' id='word_1_117' title='bbox 1235 1564 1291 1616; x_wconf 90' lang='lat' dir='ltr'><strong>me,</strong></span> <span class='ocrx_word' id='word_1_118' title='bbox 1315 1553 1344 1605; x_wconf 85' lang='lat' dir='ltr'><strong>et</strong></span> 
     </span>
     <span class='ocr_line' id='line_1_13' title="bbox 124 1646 560 1721; baseline 0.002 -17"><span class='ocrx_word' id='word_1_119' title='bbox 124 1646 234 1704; x_wconf 82' lang='lat' dir='ltr'><strong>etiam</strong></span> <span class='ocrx_word' id='word_1_120' title='bbox 262 1663 316 1703; x_wconf 88' lang='lat' dir='ltr'><strong>vos</strong></span> <span class='ocrx_word' id='word_1_121' title='bbox 339 1646 560 1721; x_wconf 81' lang='lat' dir='ltr'><strong>complectitur.</strong></span> 
     </span>
    </p>
   </div>
   <div class='ocr_carea' id='block_1_3' title="bbox 225 1858 1264 1952">
    <p class='ocr_par' dir='ltr' id='par_1_4' title="bbox 225 1858 1264 1952">
     <span class='ocr_line' id='line_1_14' title="bbox 225 1858 1264 1952; baseline 0 -21"><span class='ocrx_word' id='word_1_122' title='bbox 225 1865 253 1947; x_wconf 70' lang='grc' dir='ltr'><strong>ξ.</strong></span> <span class='ocrx_word' id='word_1_123' title='bbox 275 1858 339 1931; x_wconf 67' lang='lat'><strong>41.</strong></span> <span class='ocrx_word' id='word_1_124' title='bbox 358 1865 408 1932; x_wconf 87' lang='lat' dir='ltr'><strong>n.</strong></span> <span class='ocrx_word' id='word_1_125' title='bbox 430 1860 714 1932; x_wconf 66' lang='lat' dir='ltr'><strong>Testimonia</strong></span> <span class='ocrx_word' id='word_1_126' title='bbox 737 1879 800 1930; x_wconf 82' lang='lat' dir='ltr'><strong>ex</strong></span> <span class='ocrx_word' id='word_1_127' title='bbox 821 1860 1091 1934; x_wconf 77' lang='lat' dir='ltr'><strong>&#39;l&#39;roditione</strong></span> <span class='ocrx_word' id='word_1_128' title='bbox 1112 1864 1264 1952; x_wconf 83' lang='lat' dir='ltr'><strong>petito.</strong></span> 
     </span>
    </p>
   </div>
   <div class='ocr_carea' id='block_1_4' title="bbox 115 2070 1454 3951">
    <p class='ocr_par' dir='ltr' id='par_1_5' title="bbox 115 2070 1454 3951">
     <span class='ocr_line' id='line_1_15' title="bbox 225 2070 1346 2159; baseline 0.006 -26"><span class='ocrx_word' id='word_1_129' title='bbox 225 2072 319 2151; x_wconf 78' lang='lat' dir='ltr'><strong>eree</strong></span> <span class='ocrx_word' id='word_1_130' title='bbox 347 2071 444 2136; x_wconf 77' lang='lat' dir='ltr'><strong>iuuerit</strong></span> <span class='ocrx_word' id='word_1_131' title='bbox 470 2070 592 2136; x_wconf 82' lang='lat' dir='ltr'><strong>Christi</strong></span> <span class='ocrx_word' id='word_1_132' title='bbox 614 2083 648 2137; x_wconf 85' lang='lat' dir='ltr'><strong>et</strong></span> <span class='ocrx_word' id='word_1_133' title='bbox 671 2071 904 2156; x_wconf 85' lang='lat' dir='ltr'><strong>Apostolorum</strong></span> <span class='ocrx_word' id='word_1_134' title='bbox 928 2074 1092 2146; x_wconf 87' lang='lat' dir='ltr'><strong>doctrina,</strong></span> <span class='ocrx_word' id='word_1_135' title='bbox 1116 2074 1186 2159; x_wconf 87' lang='lat' dir='ltr'><strong>quis</strong></span> <span class='ocrx_word' id='word_1_136' title='bbox 1209 2077 1243 2139; x_wconf 84' lang='lat' dir='ltr'><strong>S.</strong></span> <span class='ocrx_word' id='word_1_137' title='bbox 1260 2077 1346 2140; x_wconf 76' lang='lat' dir='ltr'><strong>Scri·</strong></span> 
     </span>
     <span class='ocr_line' id='line_1_16' title="bbox 115 2178 1350 2267; baseline 0.002 -24"><span class='ocrx_word' id='word_1_138' title='bbox 115 2190 262 2265; x_wconf 81' lang='lat' dir='ltr'><strong>pturae&#39;</strong></span> <span class='ocrx_word' id='word_1_139' title='bbox 278 2198 414 2250; x_wconf 86' lang='lat' dir='ltr'><strong>sensus,</strong></span> <span class='ocrx_word' id='word_1_140' title='bbox 437 2178 521 2261; x_wconf 94' lang='lat' dir='ltr'><strong>quod</strong></span> <span class='ocrx_word' id='word_1_141' title='bbox 549 2178 588 2241; x_wconf 92' lang='lat' dir='ltr'><strong>ad</strong></span> <span class='ocrx_word' id='word_1_142' title='bbox 614 2197 709 2241; x_wconf 85' lang='lat' dir='ltr'><strong>sacra</strong></span> <span class='ocrx_word' id='word_1_143' title='bbox 739 2178 892 2264; x_wconf 74' lang='lat' dir='ltr'><strong>dogmata</strong></span> <span class='ocrx_word' id='word_1_144' title='bbox 919 2178 1050 2252; x_wconf 84' lang='lat' dir='ltr'><strong>attinet,</strong></span> <span class='ocrx_word' id='word_1_145' title='bbox 1075 2190 1144 2243; x_wconf 89' lang='lat' dir='ltr'><strong>tuto</strong></span> <span class='ocrx_word' id='word_1_146' title='bbox 1166 2181 1350 2267; x_wconf 79' lang='lat' dir='ltr'><strong>colligimus</strong></span> 
     </span>
     <span class='ocr_line' id='line_1_17' title="bbox 118 2281 1352 2371; baseline -0.001 -22"><span class='ocrx_word' id='word_1_147' title='bbox 118 2304 223 2371; x_wconf 85' lang='lat' dir='ltr'><strong>prae</strong></span> <span class='ocrx_word' id='word_1_148' title='bbox 259 2282 404 2346; x_wconf 90' lang='lat' dir='ltr'><strong>omnihus</strong></span> <span class='ocrx_word' id='word_1_149' title='bbox 432 2282 609 2366; x_wconf 88' lang='lat' dir='ltr'><strong>exprimis</strong></span> <span class='ocrx_word' id='word_1_150' title='bbox 639 2281 809 2346; x_wconf 79' lang='lat' dir='ltr'><strong>Ecclesiae</strong></span> <span class='ocrx_word' id='word_1_151' title='bbox 838 2282 1042 2348; x_wconf 84' lang='lat' dir='ltr'><strong>Christianae</strong></span> <span class='ocrx_word' id='word_1_152' title='bbox 1080 2285 1268 2371; x_wconf 80' lang='lat' dir='ltr'><strong>Magistris,</strong></span> <span class='ocrx_word' id='word_1_153' title='bbox 1300 2286 1352 2370; x_wconf 89' lang='lat' dir='ltr'><strong>qui</strong></span> 
     </span>
     <span class='ocr_line' id='line_1_18' title="bbox 121 2385 1428 2471; baseline -0.005 -13"><span class='ocrx_word' id='word_1_154' title='bbox 121 2387 268 2458; x_wconf 85' lang='lat' dir='ltr'><strong>Christi</strong></span> <span class='ocrx_word' id='word_1_155' title='bbox 290 2397 322 2451; x_wconf 90' lang='lat' dir='ltr'><strong>et</strong></span> <span class='ocrx_word' id='word_1_156' title='bbox 343 2387 577 2471; x_wconf 78' lang='lat' dir='ltr'><strong>Apostolorum</strong></span> <span class='ocrx_word' id='word_1_157' title='bbox 604 2386 702 2450; x_wconf 77' lang='lat' dir='ltr'><strong>aetati</strong></span> <span class='ocrx_word' id='word_1_158' title='bbox 736 2385 924 2471; x_wconf 83' lang='lat' dir='ltr'><strong>propiores,</strong></span> <span class='ocrx_word' id='word_1_159' title='bbox 952 2388 1005 2451; x_wconf 85' lang='lat' dir='ltr'><strong>vel</strong></span> <span class='ocrx_word' id='word_1_160' title='bbox 1032 2387 1196 2452; x_wconf 87' lang='lat' dir='ltr'><strong>auditores</strong></span> <span class='ocrx_word' id='word_1_161' title='bbox 1226 2394 1355 2452; x_wconf 81' lang='lat' dir='ltr'><strong>fuerunt</strong></span> <span class='ocrx_word' id='word_1_162' title='bbox 1425 2394 1428 2398; x_wconf 76' lang='grc'><strong>’</strong></span> 
     </span>
     <span class='ocr_line' id='line_1_19' title="bbox 125 2487 1352 2578; baseline -0.002 -19"><span class='ocrx_word' id='word_1_163' title='bbox 125 2492 375 2577; x_wconf 87' lang='lat' dir='ltr'><strong>discipulorum</strong></span> <span class='ocrx_word' id='word_1_164' title='bbox 403 2491 526 2556; x_wconf 83' lang='lat' dir='ltr'><strong>Christi</strong></span> <span class='ocrx_word' id='word_1_165' title='bbox 553 2491 700 2566; x_wconf 88' lang='lat' dir='ltr'><strong>Domini,</strong></span> <span class='ocrx_word' id='word_1_166' title='bbox 723 2493 775 2555; x_wconf 84' lang='lat' dir='ltr'><strong>vel</strong></span> <span class='ocrx_word' id='word_1_167' title='bbox 803 2490 941 2555; x_wconf 87' lang='lat' dir='ltr'><strong>instituti</strong></span> <span class='ocrx_word' id='word_1_168' title='bbox 958 2487 1083 2569; x_wconf 85' lang='lat' dir='ltr'><strong>abhis,</strong></span> <span class='ocrx_word' id='word_1_169' title='bbox 1106 2493 1158 2578; x_wconf 90' lang='lat' dir='ltr'><strong>qui</strong></span> <span class='ocrx_word' id='word_1_170' title='bbox 1174 2494 1352 2558; x_wconf 88' lang='lat' dir='ltr'><strong>doctrinam</strong></span> 
     </span>
     <span class='ocr_line' id='line_1_20' title="bbox 130 2596 1029 2682; baseline -0.003 -18"><span class='ocrx_word' id='word_1_171' title='bbox 130 2601 322 2666; x_wconf 80' lang='lat' dir='ltr'><strong>coelestem</strong></span> <span class='ocrx_word' id='word_1_172' title='bbox 345 2618 388 2662; x_wconf 87' lang='lat' dir='ltr'><strong>ex</strong></span> <span class='ocrx_word' id='word_1_173' title='bbox 401 2618 459 2662; x_wconf 90' lang='lat' dir='ltr'><strong>oro</strong></span> <span class='ocrx_word' id='word_1_174' title='bbox 478 2599 709 2681; x_wconf 77' lang='lat' dir='ltr'><strong>Apostolorum</strong></span> <span class='ocrx_word' id='word_1_175' title='bbox 727 2599 909 2662; x_wconf 86' lang='lat' dir='ltr'><strong>hauserant.</strong></span> <span class='ocrx_word' id='word_1_176' title='bbox 932 2596 1029 2682; x_wconf 90' lang='lat' dir='ltr'><strong>Atqui</strong></span> 
     </span>
     <span class='ocr_line' id='line_1_21' title="bbox 232 2701 1353 2770; baseline 0 0"><span class='ocrx_word' id='word_1_177' title='bbox 232 2728 263 2770; x_wconf 90' lang='lat' dir='ltr'><strong>a.</strong></span> <span class='ocrx_word' id='word_1_178' title='bbox 285 2705 313 2770; x_wconf 92' lang='lat' dir='ltr'><strong>si</strong></span> <span class='ocrx_word' id='word_1_179' title='bbox 330 2716 461 2769; x_wconf 87' lang='lat' dir='ltr'><strong>veteres</strong></span> <span class='ocrx_word' id='word_1_180' title='bbox 480 2703 554 2768; x_wconf 91' lang='lat' dir='ltr'><strong>illos</strong></span> <span class='ocrx_word' id='word_1_181' title='bbox 570 2703 696 2767; x_wconf 84' lang='lat' dir='ltr'><strong>divinae</strong></span> <span class='ocrx_word' id='word_1_182' title='bbox 712 2701 878 2767; x_wconf 87' lang='lat' dir='ltr'><strong>doctrinae</strong></span> <span class='ocrx_word' id='word_1_183' title='bbox 898 2711 1001 2767; x_wconf 87' lang='lat' dir='ltr'><strong>testes</strong></span> <span class='ocrx_word' id='word_1_184' title='bbox 1030 2703 1194 2770; x_wconf 86' lang='lat' dir='ltr'><strong>audimus:</strong></span> <span class='ocrx_word' id='word_1_185' title='bbox 1217 2705 1257 2770; x_wconf 90' lang='lat' dir='ltr'><strong>de</strong></span> <span class='ocrx_word' id='word_1_186' title='bbox 1274 2727 1353 2770; x_wconf 85' lang='lat' dir='ltr'><strong>vera</strong></span> 
     </span>
     <span class='ocr_line' id='line_1_22' title="bbox 142 2808 1352 2894; baseline -0.006 -15"><span class='ocrx_word' id='word_1_187' title='bbox 142 2811 272 2879; x_wconf 90' lang='lat' dir='ltr'><strong>Christi</strong></span> <span class='ocrx_word' id='word_1_188' title='bbox 291 2810 456 2875; x_wconf 88' lang='lat' dir='ltr'><strong>divinitate</strong></span> <span class='ocrx_word' id='word_1_189' title='bbox 473 2810 619 2873; x_wconf 82' lang='lat' dir='ltr'><strong>dubitare</strong></span> <span class='ocrx_word' id='word_1_190' title='bbox 637 2830 701 2873; x_wconf 92' lang='lat' dir='ltr'><strong>non</strong></span> <span class='ocrx_word' id='word_1_191' title='bbox 716 2808 865 2880; x_wconf 87' lang='lat' dir='ltr'><strong>sinimur;</strong></span> <span class='ocrx_word' id='word_1_192' title='bbox 888 2817 952 2871; x_wconf 87' lang='lat' dir='ltr'><strong>tam</strong></span> <span class='ocrx_word' id='word_1_193' title='bbox 980 2808 1097 2882; x_wconf 79' lang='lat' dir='ltr'><strong>inulte,</strong></span> <span class='ocrx_word' id='word_1_194' title='bbox 1122 2820 1250 2893; x_wconf 89' lang='lat' dir='ltr'><strong>tamque</strong></span> <span class='ocrx_word' id='word_1_195' title='bbox 1278 2829 1352 2894; x_wconf 82' lang='lat' dir='ltr'><strong>por·</strong></span> 
     </span>
     <span class='ocr_line' id='line_1_23' title="bbox 142 2912 1454 3005; baseline -0.005 -22"><span class='ocrx_word' id='word_1_196' title='bbox 142 2920 259 3005; x_wconf 77' lang='lat' dir='ltr'><strong>spicue</strong></span> <span class='ocrx_word' id='word_1_197' title='bbox 284 2916 346 3004; x_wconf 91' lang='lat' dir='ltr'><strong>ipsi</strong></span> <span class='ocrx_word' id='word_1_198' title='bbox 371 2915 533 3000; x_wconf 84' lang='lat' dir='ltr'><strong>reliquere</strong></span> <span class='ocrx_word' id='word_1_199' title='bbox 548 2915 632 2979; x_wconf 90' lang='lat' dir='ltr'><strong>illius</strong></span> <span class='ocrx_word' id='word_1_200' title='bbox 651 2912 798 2977; x_wconf 83' lang='lat' dir='ltr'><strong>veritatis</strong></span> <span class='ocrx_word' id='word_1_201' title='bbox 818 2916 1015 2976; x_wconf 85' lang='lat' dir='ltr'><strong>documenta.</strong></span> <span class='ocrx_word' id='word_1_202' title='bbox 1036 2913 1073 2976; x_wconf 90' lang='lat' dir='ltr'><strong>ln</strong></span> <span class='ocrx_word' id='word_1_203' title='bbox 1088 2914 1228 2977; x_wconf 84' lang='lat' dir='ltr'><strong>medium</strong></span> <span class='ocrx_word' id='word_1_204' title='bbox 1246 2924 1352 2978; x_wconf 86' lang='lat' dir='ltr'><strong>autem</strong></span> <span class='ocrx_word' id='word_1_205' title='bbox 1451 2949 1454 2954; x_wconf 95' lang='lat'><em>·</em></span> 
     </span>
     <span class='ocr_line' id='line_1_24' title="bbox 144 3017 1355 3107; baseline -0.003 -20"><span class='ocrx_word' id='word_1_206' title='bbox 144 3027 303 3090; x_wconf 76' lang='lat' dir='ltr'><strong>dumtaxat</strong></span> <span class='ocrx_word' id='word_1_207' title='bbox 328 3021 522 3107; x_wconf 83' lang='lat' dir='ltr'><strong>proferimus</strong></span> <span class='ocrx_word' id='word_1_208' title='bbox 550 3018 734 3083; x_wconf 86' lang='lat' dir='ltr'><strong>testimonia</strong></span> <span class='ocrx_word' id='word_1_209' title='bbox 759 3019 821 3083; x_wconf 83' lang='lat' dir='ltr'><strong>SS.</strong></span> <span class='ocrx_word' id='word_1_210' title='bbox 849 3017 1000 3091; x_wconf 83' lang='lat' dir='ltr'><strong>Petrum,</strong></span> <span class='ocrx_word' id='word_1_211' title='bbox 1030 3019 1081 3103; x_wconf 78' lang='lat' dir='ltr'><strong>quui</strong></span> <span class='ocrx_word' id='word_1_212' title='bbox 1109 3019 1262 3083; x_wconf 87' lang='lat' dir='ltr'><strong>vixerunt</strong></span> <span class='ocrx_word' id='word_1_213' title='bbox 1282 3031 1355 3084; x_wconf 83' lang='lat' dir='ltr'><strong>ante</strong></span> 
     </span>
     <span class='ocr_line' id='line_1_25' title="bbox 147 3122 1356 3197; baseline -0.005 -3"><span class='ocrx_word' id='word_1_214' title='bbox 147 3127 328 3194; x_wconf 86' lang='lat' dir='ltr'><strong>Concilium</strong></span> <span class='ocrx_word' id='word_1_215' title='bbox 350 3127 380 3191; x_wconf 85' lang='lat' dir='ltr'>N</span> <span class='ocrx_word' id='word_1_216' title='bbox 391 3127 456 3192; x_wconf 86' lang='lat' dir='ltr'><strong>ica</strong></span> <span class='ocrx_word' id='word_1_217' title='bbox 467 3147 484 3190; x_wconf 86' lang='lat' dir='ltr'><strong>e</strong></span> <span class='ocrx_word' id='word_1_218' title='bbox 495 3146 544 3189; x_wconf 93' lang='lat' dir='ltr'><strong>nu</strong></span> <span class='ocrx_word' id='word_1_219' title='bbox 556 3148 587 3188; x_wconf 91' lang='lat' dir='ltr'><strong>m</strong></span> <span class='ocrx_word' id='word_1_220' title='bbox 607 3125 648 3197; x_wconf 90' lang='lat' dir='ltr'><strong>l.;</strong></span> <span class='ocrx_word' id='word_1_221' title='bbox 670 3145 744 3188; x_wconf 86' lang='lat' dir='ltr'><strong>nem</strong></span> <span class='ocrx_word' id='word_1_222' title='bbox 763 3123 860 3187; x_wconf 85' lang='lat' dir='ltr'><strong>iidem</strong></span> <span class='ocrx_word' id='word_1_223' title='bbox 874 3122 906 3185; x_wconf 92' lang='lat' dir='ltr'><strong>in</strong></span> <span class='ocrx_word' id='word_1_224' title='bbox 919 3123 981 3187; x_wconf 90' lang='lat' dir='ltr'><strong>Dei</strong></span> <span class='ocrx_word' id='word_1_225' title='bbox 993 3123 1106 3187; x_wconf 85' lang='lat' dir='ltr'><strong>Filium</strong></span> <span class='ocrx_word' id='word_1_226' title='bbox 1119 3124 1208 3187; x_wconf 87' lang='lat' dir='ltr'><strong>Patri</strong></span> <span class='ocrx_word' id='word_1_227' title='bbox 1222 3126 1356 3188; x_wconf 90' lang='lat' dir='ltr'><strong>consub-</strong></span> 
     </span>
     <span class='ocr_line' id='line_1_26' title="bbox 148 3224 1353 3315; baseline -0.005 -16"><span class='ocrx_word' id='word_1_228' title='bbox 148 3235 334 3300; x_wconf 80' lang='lat' dir='ltr'><strong>stantialem</strong></span> <span class='ocrx_word' id='word_1_229' title='bbox 348 3233 421 3297; x_wconf 89' lang='lat' dir='ltr'><strong>iude</strong></span> <span class='ocrx_word' id='word_1_230' title='bbox 439 3233 479 3296; x_wconf 86' lang='lat' dir='ltr'><strong>ah</strong></span> <span class='ocrx_word' id='word_1_231' title='bbox 494 3232 595 3297; x_wconf 84' lang='lat' dir='ltr'><strong>hacce</strong></span> <span class='ocrx_word' id='word_1_232' title='bbox 611 3232 745 3313; x_wconf 75' lang='lat' dir='ltr'><strong>synodo</strong></span> <span class='ocrx_word' id='word_1_233' title='bbox 759 3229 792 3293; x_wconf 93' lang='lat' dir='ltr'><strong>in</strong></span> <span class='ocrx_word' id='word_1_234' title='bbox 807 3224 961 3293; x_wconf 77' lang='lat' dir='ltr'><strong>Ecclesia</strong></span> <span class='ocrx_word' id='word_1_235' title='bbox 979 3248 1108 3313; x_wconf 83' lang='lat' dir='ltr'><strong>semper</strong></span> <span class='ocrx_word' id='word_1_236' title='bbox 1126 3227 1289 3315; x_wconf 84' lang='lat' dir='ltr'><strong>viguisse,</strong></span> <span class='ocrx_word' id='word_1_237' title='bbox 1312 3250 1353 3293; x_wconf 90' lang='lat' dir='ltr'><strong>ne</strong></span> 
     </span>
     <span class='ocr_line' id='line_1_27' title="bbox 144 3332 1351 3427; baseline -0.006 -22"><span class='ocrx_word' id='word_1_238' title='bbox 144 3341 209 3427; x_wconf 84' lang='lat' dir='ltr'><strong>ipsi</strong></span> <span class='ocrx_word' id='word_1_239' title='bbox 235 3337 413 3403; x_wconf 84' lang='lat' dir='ltr'><strong>adversarii</strong></span> <span class='ocrx_word' id='word_1_240' title='bbox 441 3337 567 3422; x_wconf 86' lang='lat' dir='ltr'><strong>quidem</strong></span> <span class='ocrx_word' id='word_1_241' title='bbox 583 3335 772 3400; x_wconf 84' lang='lat' dir='ltr'><strong>inliciuntnr.</strong></span> <span class='ocrx_word' id='word_1_242' title='bbox 795 3332 883 3396; x_wconf 88' lang='lat' dir='ltr'><strong>luter</strong></span> <span class='ocrx_word' id='word_1_243' title='bbox 901 3333 962 3397; x_wconf 85' lang='lat' dir='ltr'><strong>hos</strong></span> <span class='ocrx_word' id='word_1_244' title='bbox 975 3334 1044 3417; x_wconf 84' lang='lat' dir='ltr'><strong>jam</strong></span> <span class='ocrx_word' id='word_1_245' title='bbox 1054 3345 1167 3399; x_wconf 86' lang='lat' dir='ltr'><strong>auctor</strong></span> <span class='ocrx_word' id='word_1_246' title='bbox 1182 3334 1351 3417; x_wconf 88' lang='lat' dir='ltr'><strong>epistolae,</strong></span> 
     </span>
     <span class='ocr_line' id='line_1_28' title="bbox 145 3437 1352 3526; baseline -0.005 -16"><span class='ocrx_word' id='word_1_247' title='bbox 145 3447 198 3526; x_wconf 87' lang='lat' dir='ltr'><strong>cui</strong></span> <span class='ocrx_word' id='word_1_248' title='bbox 216 3465 343 3509; x_wconf 87' lang='lat' dir='ltr'><strong>nomeu·</strong></span> <span class='ocrx_word' id='word_1_249' title='bbox 356 3444 464 3507; x_wconf 84' lang='lat' dir='ltr'><strong>Barn</strong></span> <span class='ocrx_word' id='word_1_250' title='bbox 477 3444 576 3506; x_wconf 86' lang='lat' dir='ltr'><strong>abae</strong></span> <span class='ocrx_word' id='word_1_251' title='bbox 599 3452 652 3504; x_wconf 85' lang='lat' dir='ltr'><strong>est</strong></span> <span class='ocrx_word' id='word_1_252' title='bbox 671 3439 878 3524; x_wconf 85' lang='lat' dir='ltr'><strong>inscriptum,</strong></span> <span class='ocrx_word' id='word_1_253' title='bbox 901 3437 1069 3504; x_wconf 87' lang='lat' dir='ltr'><strong>Christum</strong></span> <span class='ocrx_word' id='word_1_254' title='bbox 1089 3437 1167 3501; x_wconf 86' lang='lat' dir='ltr'><strong>Dei</strong></span> <span class='ocrx_word' id='word_1_255' title='bbox 1188 3439 1352 3515; x_wconf 78' lang='lat' dir='ltr'><strong>Filium,</strong></span> 
     </span>
     <span class='ocr_line' id='line_1_29' title="bbox 145 3541 1355 3628; baseline -0.005 -16"><span class='ocrx_word' id='word_1_256' title='bbox 145 3572 297 3614; x_wconf 86' lang='lat' dir='ltr'><strong>verum</strong></span> <span class='ocrx_word' id='word_1_257' title='bbox 319 3550 466 3616; x_wconf 88' lang='lat' dir='ltr'><strong>Deum,</strong></span> <span class='ocrx_word' id='word_1_258' title='bbox 488 3547 602 3610; x_wconf 82' lang='lat' dir='ltr'><strong>Petri</strong></span> <span class='ocrx_word' id='word_1_259' title='bbox 626 3556 892 3611; x_wconf 83' lang='lat' dir='ltr'><strong>coaeternum</strong></span> <span class='ocrx_word' id='word_1_260' title='bbox 914 3541 1094 3628; x_wconf 88' lang='lat' dir='ltr'><strong>praedicat,</strong></span> <span class='ocrx_word' id='word_1_261' title='bbox 1118 3547 1172 3624; x_wconf 75' lang='lat' dir='ltr'><strong>qut</strong></span> <span class='ocrx_word' id='word_1_262' title='bbox 1199 3551 1234 3605; x_wconf 79' lang='lat' dir='ltr'><strong>in</strong></span> <span class='ocrx_word' id='word_1_263' title='bbox 1257 3566 1355 3608; x_wconf 82' lang='lat' dir='ltr'><strong>corne</strong></span> 
     </span>
     <span class='ocr_line' id='line_1_30' title="bbox 147 3647 1355 3735; baseline -0.007 -17"><span class='ocrx_word' id='word_1_264' title='bbox 147 3661 316 3735; x_wconf 63' lang='lat' dir='ltr'><strong>appui-ott,</strong></span> <span class='ocrx_word' id='word_1_265' title='bbox 338 3661 373 3715; x_wconf 84' lang='lat' dir='ltr'><strong>nt</strong></span> <span class='ocrx_word' id='word_1_266' title='bbox 386 3675 446 3715; x_wconf 83' lang='lat' dir='ltr'><strong>noe</strong></span> <span class='ocrx_word' id='word_1_267' title='bbox 466 3665 613 3716; x_wconf 70' lang='lat' dir='ltr'><strong>deremet</strong></span> <span class='ocrx_word' id='word_1_268' title='bbox 628 3674 649 3717; x_wconf 81' lang='lat' dir='ltr'><strong><em>a</em></strong></span> <span class='ocrx_word' id='word_1_269' title='bbox 661 3655 801 3730; x_wconf 80' lang='lat' dir='ltr'><strong>pereatis</strong></span> <span class='ocrx_word' id='word_1_270' title='bbox 822 3649 864 3731; x_wconf 83' lang='lat'><strong>⁶).</strong></span> <span class='ocrx_word' id='word_1_271' title='bbox 895 3686 935 3697; x_wconf 92' lang='lat'><strong>-·</strong></span> <span class='ocrx_word' id='word_1_272' title='bbox 964 3649 1137 3712; x_wconf 88' lang='lat' dir='ltr'><strong>Hermes</strong></span> <span class='ocrx_word' id='word_1_273' title='bbox 1165 3667 1223 3730; x_wconf 89' lang='lat' dir='ltr'><strong>per</strong></span> <span class='ocrx_word' id='word_1_274' title='bbox 1247 3647 1355 3712; x_wconf 84' lang='lat' dir='ltr'><strong>simili·</strong></span> 
     </span>
     <span class='ocr_line' id='line_1_31' title="bbox 149 3751 1357 3835; baseline -0.006 -13"><span class='ocrx_word' id='word_1_275' title='bbox 149 3759 292 3823; x_wconf 84' lang='lat' dir='ltr'><strong>tudinem</strong></span> <span class='ocrx_word' id='word_1_276' title='bbox 322 3758 360 3820; x_wconf 86' lang='lat' dir='ltr'><strong>do</strong></span> <span class='ocrx_word' id='word_1_277' title='bbox 386 3757 509 3820; x_wconf 87' lang='lat' dir='ltr'><strong>duabus</strong></span> <span class='ocrx_word' id='word_1_278' title='bbox 538 3757 570 3820; x_wconf 88' lang='lat' dir='ltr'><strong>in</strong></span> <span class='ocrx_word' id='word_1_279' title='bbox 590 3755 722 3821; x_wconf 86' lang='lat' dir='ltr'><strong>Christo</strong></span> <span class='ocrx_word' id='word_1_280' title='bbox 752 3752 896 3828; x_wconf 82' lang='lat' dir='ltr'><strong>naturis,</strong></span> <span class='ocrx_word' id='word_1_281' title='bbox 920 3751 1065 3816; x_wconf 90' lang='lat' dir='ltr'><strong>divina</strong></span> <span class='ocrx_word' id='word_1_282' title='bbox 1087 3771 1203 3835; x_wconf 85' lang='lat' dir='ltr'><strong>nempe</strong></span> <span class='ocrx_word' id='word_1_283' title='bbox 1232 3763 1265 3816; x_wconf 89' lang='lat' dir='ltr'><strong>et</strong></span> <span class='ocrx_word' id='word_1_284' title='bbox 1293 3752 1357 3815; x_wconf 94' lang='lat' dir='ltr'><strong>hu·</strong></span> 
     </span>
     <span class='ocr_line' id='line_1_32' title="bbox 150 3858 1352 3951; baseline -0.008 -23"><span class='ocrx_word' id='word_1_285' title='bbox 150 3885 283 3936; x_wconf 78' lang='lat' dir='ltr'><strong>nnana,</strong></span> <span class='ocrx_word' id='word_1_286' title='bbox 307 3862 444 3937; x_wconf 89' lang='lat' dir='ltr'><strong>disserit,</strong></span> <span class='ocrx_word' id='word_1_287' title='bbox 457 3874 551 3947; x_wconf 84' lang='lat' dir='ltr'><strong>atque</strong></span> <span class='ocrx_word' id='word_1_288' title='bbox 573 3863 612 3924; x_wconf 83' lang='lat' dir='ltr'><strong>de</strong></span> <span class='ocrx_word' id='word_1_289' title='bbox 627 3859 698 3945; x_wconf 89' lang='lat' dir='ltr'><strong>ipso</strong></span> <span class='ocrx_word' id='word_1_290' title='bbox 715 3860 777 3924; x_wconf 88' lang='lat' dir='ltr'><strong>ait:</strong></span> <span class='ocrx_word' id='word_1_291' title='bbox 800 3861 959 3923; x_wconf 73' lang='lat' dir='ltr'><strong>Nomen</strong></span> <span class='ocrx_word' id='word_1_292' title='bbox 981 3858 1083 3951; x_wconf 65' lang='lat' dir='ltr'><strong>reesa·</strong></span> <span class='ocrx_word' id='word_1_293' title='bbox 1104 3858 1183 3951; x_wconf 65' lang='lat' dir='ltr'><strong>Dei</strong></span> <span class='ocrx_word' id='word_1_294' title='bbox 1203 3877 1352 3936; x_wconf 60' lang='lat' dir='ltr'><strong>mentem</strong></span> 
     </span>
    </p>
   </div>
   <div class='ocr_carea' id='block_1_5' title="bbox 74 4165 1233 4685">
    <p class='ocr_par' dir='ltr' id='par_1_6' title="bbox 182 4165 438 4413">
     <span class='ocr_line' id='line_1_33' title="bbox 184 4165 438 4234; baseline 0.004 -17"><span class='ocrx_word' id='word_1_295' title='bbox 184 4167 208 4234; x_wconf 87' lang='lat'><strong>1)</strong></span> <span class='ocrx_word' id='word_1_296' title='bbox 228 4168 313 4218; x_wconf 84' lang='lat' dir='ltr'><strong>Joan.</strong></span> <span class='ocrx_word' id='word_1_297' title='bbox 334 4167 375 4225; x_wconf 86' lang='lat' dir='ltr'><strong>to,</strong></span> <span class='ocrx_word' id='word_1_298' title='bbox 397 4165 438 4218; x_wconf 80' lang='lat' dir='ltr'><strong>ts.</strong></span> 
     </span>
     <span class='ocr_line' id='line_1_34' title="bbox 182 4255 421 4323; baseline -0.008 -17"><span class='ocrx_word' id='word_1_299' title='bbox 182 4257 207 4323; x_wconf 82' lang='lat'><strong>²)</strong></span> <span class='ocrx_word' id='word_1_300' title='bbox 228 4258 311 4307; x_wconf 81' lang='lat' dir='ltr'><strong>Joan.</strong></span> <span class='ocrx_word' id='word_1_301' title='bbox 333 4256 359 4315; x_wconf 87' lang='grc'><strong>3,</strong></span> <span class='ocrx_word' id='word_1_302' title='bbox 378 4255 421 4304; x_wconf 83' lang='grc'><strong>35.</strong></span> 
     </span>
     <span class='ocr_line' id='line_1_35' title="bbox 182 4344 415 4413; baseline -0.021 -15"><span class='ocrx_word' id='word_1_303' title='bbox 182 4344 207 4413; x_wconf 83' lang='lat'><strong>³)</strong></span> <span class='ocrx_word' id='word_1_304' title='bbox 228 4348 311 4397; x_wconf 84' lang='lat' dir='ltr'><strong>Joan.</strong></span> <span class='ocrx_word' id='word_1_305' title='bbox 328 4348 354 4405; x_wconf 81' lang='lat'><strong>5,</strong></span> <span class='ocrx_word' id='word_1_306' title='bbox 372 4346 415 4395; x_wconf 85' lang='lat'><strong>20.</strong></span> 
     </span>
    </p>

    <p class='ocr_par' dir='ltr' id='par_1_7' title="bbox 181 4432 676 4505">
     <span class='ocr_line' id='line_1_36' title="bbox 181 4432 676 4505; baseline -0.012 -16"><span class='ocrx_word' id='word_1_307' title='bbox 181 4438 208 4505; x_wconf 77' lang='lat' dir='ltr'><strong>t)</strong></span> <span class='ocrx_word' id='word_1_308' title='bbox 229 4436 272 4489; x_wconf 81' lang='lat' dir='ltr'><strong>Gi.</strong></span> <span class='ocrx_word' id='word_1_309' title='bbox 290 4438 374 4487; x_wconf 81' lang='lat' dir='ltr'><strong>Joan.</strong></span> <span class='ocrx_word' id='word_1_310' title='bbox 395 4436 435 4494; x_wconf 91' lang='lat' dir='ltr'><strong>tt,</strong></span> <span class='ocrx_word' id='word_1_311' title='bbox 454 4432 498 4484; x_wconf 80' lang='lat' dir='ltr'><strong>ta.</strong></span> <span class='ocrx_word' id='word_1_312' title='bbox 519 4434 559 4489; x_wconf 80' lang='lat'><strong>¹7,</strong></span> <span class='ocrx_word' id='word_1_313' title='bbox 577 4433 602 4482; x_wconf 79' lang='grc'><strong>3.</strong></span> <span class='ocrx_word' id='word_1_314' title='bbox 622 4434 676 4483; x_wconf 69' lang='lat' dir='ltr'><strong>etc·</strong></span> 
     </span>
    </p>

    <p class='ocr_par' dir='ltr' id='par_1_8' title="bbox 74 4514 435 4592">
     <span class='ocr_line' id='line_1_37' title="bbox 74 4514 435 4592; baseline -0.017 -12"><span class='ocrx_word' id='word_1_315' title='bbox 74 4514 83 4523; x_wconf 41' lang='lat'><em>²</em></span> <span class='ocrx_word' id='word_1_316' title='bbox 155 4527 157 4530; x_wconf 73' lang='grc'>’</span> <span class='ocrx_word' id='word_1_317' title='bbox 181 4523 208 4592; x_wconf 80' lang='lat'><strong>⁶)</strong></span> <span class='ocrx_word' id='word_1_318' title='bbox 228 4527 314 4577; x_wconf 85' lang='lat' dir='ltr'><strong>Joau.</strong></span> <span class='ocrx_word' id='word_1_319' title='bbox 331 4526 374 4584; x_wconf 78' lang='lat'><strong>20,</strong></span> <span class='ocrx_word' id='word_1_320' title='bbox 394 4525 435 4574; x_wconf 82' lang='lat'><strong>17.</strong></span> 
     </span>
    </p>

    <p class='ocr_par' dir='ltr' id='par_1_9' title="bbox 181 4603 1233 4685">
     <span class='ocr_line' id='line_1_38' title="bbox 181 4603 1233 4685; baseline -0.014 -16"><span class='ocrx_word' id='word_1_321' title='bbox 181 4609 209 4685; x_wconf 76' lang='lat'><strong>⁶)</strong></span> <span class='ocrx_word' id='word_1_322' title='bbox 229 4634 255 4671; x_wconf 82' lang='lat' dir='ltr'><strong>o.</strong></span> <span class='ocrx_word' id='word_1_323' title='bbox 274 4619 358 4671; x_wconf 70' lang='grc'><strong>5-7.</strong></span> <span class='ocrx_word' id='word_1_324' title='bbox 384 4609 552 4667; x_wconf 80' lang='lat' dir='ltr'><strong>eoteter.</strong></span> <span class='ocrx_word' id='word_1_325' title='bbox 581 4614 637 4662; x_wconf 81' lang='lat'><em>1³1¹.</em></span> <span class='ocrx_word' id='word_1_326' title='bbox 656 4616 739 4668; x_wconf 80' lang='lat' dir='ltr'><strong>unost.</strong></span> <span class='ocrx_word' id='word_1_327' title='bbox 757 4604 880 4660; x_wconf 68' lang='lat' dir='ltr'><strong>honeret.</strong></span> <span class='ocrx_word' id='word_1_328' title='bbox 901 4603 974 4658; x_wconf 71' lang='lat' dir='ltr'><strong>stet.</strong></span> <span class='ocrx_word' id='word_1_329' title='bbox 1000 4605 1035 4656; x_wconf 75' lang='lat' dir='ltr'><strong>V.</strong></span> <span class='ocrx_word' id='word_1_330' title='bbox 1057 4603 1082 4655; x_wconf 72' lang='lat' dir='ltr'><strong>l.</strong></span> <span class='ocrx_word' id='word_1_331' title='bbox 1097 4614 1125 4667; x_wconf 86' lang='lat' dir='ltr'><strong>p.</strong></span> <span class='ocrx_word' id='word_1_332' title='bbox 1146 4603 1177 4651; x_wconf 81' lang='lat' dir='ltr'><strong>tt</strong></span> <span class='ocrx_word' id='word_1_333' title='bbox 1193 4616 1233 4664; x_wconf 69' lang='lat' dir='ltr'><strong>ut,</strong></span> 
     </span>
    </p>
   </div>
   <div class='ocr_carea' id='block_1_6' title="bbox 0 0 1510 5168">
    <p class='ocr_par' dir='ltr' id='par_1_10' title="bbox 0 0 1510 5168">
     <span class='ocr_line' id='line_1_39' title="bbox 0 0 1510 5168; baseline 0 0"><span class='ocrx_word' id='word_1_334' title='bbox 0 0 1510 5168; x_wconf 95' lang='lat' dir='ltr'><strong> </strong></span> 
     </span>
    </p>
   </div>
  </div>
 </body>
</html>
