2926 5168
421 187 431 219 i

124 374 231 442 tamen
252 361 455 450 Origenis
482 362 522 425 de
543 359 667 426 briinita
682 359 872 427 mundorum
898 383 935 427 se
956 362 1186 449 excipientium
1216 386 1236 430 a
1260 365 1329 431 Deo

123 479 309 535 creatorum
325 465 413 529 serie
433 465 458 550 ¹)
477 465 517 529 ub
540 464 693 531 Ecclesia
709 465 832 534 diserte
852 468 1065 534 condemnata
1084 483 1135 535 est
1151 481 1190 548 ²).
1300 455 1303 460 ¹

206 575 371 637 Observ.
392 575 562 637 Historiam
585 577 750 636 creationis
773 578 959 639 solummodo
982 582 1164 641 revelationi
1198 584 1227 641 in
1251 598 1330 643 aece-

121 687 182 764 ptis
205 682 394 745 referendam
419 700 498 752 osse,
522 701 611 759 quum
634 690 737 760 utpote
757 701 879 744 omnem
899 684 1053 745 hominum
1076 660 1254 749 memoriam
1273 689 1330 748 imo

121 794 219 870 ipsam
248 789 351 848 mundi
383 789 533 867 originem
574 789 724 848 excedens
757 791 877 850 aliunde
908 793 1005 867 repeti
1023 805 1183 869 nequeat,
1215 812 1272 872 per
1300 811 1330 852 ae

120 905 212 976 patet.
234 897 312 956 Num
335 901 435 953 autem
457 894 511 953 illa
533 895 661 971 primum
683 896 784 972 Moysi
814 897 995 972 contigerit,
1027 916 1063 957 an
1086 916 1159 958 vero
1179 897 1246 972 jam
1268 915 1330 974 pro·

121 1000 330 1077 toparentibus
353 999 432 1068 data,
455 1001 612 1066 etdeinde
643 1020 697 1078 per
719 1000 930 1071 traditionem,
952 1003 1018 1062 sive
1047 1021 1100 1062 ore
1129 1004 1197 1071 sive
1220 1004 1331 1081 scripto

6 1102 8 1111 '
120 1117 245 1187 postea,
275 1114 443 1185 propagata
465 1107 575 1176 luerit,
606 1107 731 1184 perinde
762 1117 827 1189 est3
860 1109 1019 1185 quoniam,
1040 1109 1077 1168 si
1107 1119 1138 1169 et
1170 1110 1330 1187 posterius,

121 1212 197 1292 quod
225 1229 335 1290 reapse
364 1211 572 1271 verosimilius
605 1230 674 1271 esse
696 1211 827 1280 videtur,
851 1213 1033 1285 obtinuerit,
1066 1212 1166 1272 lamen
1198 1213 1331 1271 narratio

119 1321 173 1378 illa
195 1336 252 1378 uon
277 1319 344 1377 siue
375 1317 502 1394 speciali
533 1317 645 1376 auxilio
678 1317 797 1387 divino,
829 1336 886 1395 quo
914 1319 1081 1378 universim
1103 1319 1230 1394 Moyses
1262 1332 1330 1378 usos

120 1436 178 1496 eat,
201 1425 315 1485 litteris
340 1424 482 1483 mandata
506 1433 561 1483 est.

207 1529 369 1589 0bserv.
390 1531 420 1593 2.
443 1527 525 1603 Quae
548 1529 704 1588 adversus·
718 1530 924 1588 narrationem
937 1529 1105 1588 Mosaioam
1124 1527 1331 1595 obmoventor‚

122 1636 159 1696 ad
180 1635 256 1694 haee
277 1635 422 1711 redeunt:
1155 1626 1159 1631 ’
1254 1627 1256 1631 ’

204 1738 233 1806 l.
255 1742 393 1815 Moysem
417 1749 533 1800 terram
555 1741 691 1799 universi
720 1740 873 1800 cardinem
895 1739 1029 1815 habere,
1061 1738 1148 1814 onJus
1172 1736 1332 1797 commodis

121 1846 170 1921 sol
191 1863 227 1905 ac
249 1845 321 1904 luna
343 1863 411 1904 cum
430 1845 549 1922 reliqua
570 1844 706 1904 siderum
728 1846 920 1905 multitudine
937 1844 1129 1915 inserviant,
1152 1852 1242 1903 astra
1263 1859 1331 1903 vero

123 1949 314 2029 splendentia
336 1967 466 2026 corpora
489 1967 558 2009 esse
591 1951 620 2008 in
644 1952 727 2009 coelo
750 1968 884 2027 expanso
907 1949 1136 2026 firmata.·1ude
1159 1950 1252 2008 etiam
1275 1957 1332 2008 tan·

122 2064 185 2113 tum
208 2055 373 2131 explicari,
405 2072 497 2131 quere
530 2075 569 2114 ex
590 2065 690 2114 mente
717 2056 919 2133 Leglslatoria
947 2051 1048 2132 populi
1075 2055 1243 2114 israelitici
1273 2072 1333 2114 erro

122 2161 302 2238 corporibus
327 2161 511 2231 coelestibus
534 2161 721 2221 fabricandis
739 2179 816 2221 unus
839 2172 955 2222 tantum
977 2160 1041 2220 dies
1057 2159 1201 2229 sufficiat,
1224 2160 1256 2218 in
1279 2159 1333 2219 lor·

124 2267 231 2327 manda
253 2265 492 2343 instruendaque
514 2275 599 2326 terra
621 2268 750 2344 quinque
773 2266 837 2327 dies
860 2274 1087 2326 consumantur.
1147 2281 1150 2287 ’

206 2370 330 2448 Mbyaes
348 2371 466 2449 quidem
484 2372 607 2430 minime
623 2372 779 2449 physicam
794 2381 824 2432 et
847 2372 1064 2432 astronomiam
1090 2370 1202 2430 dooere
1223 2369 1333 2437 volnit;

103 2490 105 2494 '
124 2498 230 2540 verum
254 2478 346 2539 etiam
368 2479 399 2535 iu
422 2486 522 2537 mente
545 2477 611 2551 ejus
634 2477 731 2536 falsae
754 2478 898 2558 physicae
921 2486 951 2537 et
973 2477 1179 2536 astronomiae
1200 2475 1335 2534 notiones

126 2587 248 2646 minime
270 2583 450 2646 haeserunt.
471 2583 549 2642 illud
572 2583 739 2642 credidisse
750 2584 898 2658 Moysem,
922 2581 997 2660 quod
1021 2583 1058 2641 ab
1080 2581 1271 2640 adversariis
1291 2580 1334 2639 ob·

121 2691 237 2766 jioitur,
260 2707 445 2766 nequaquem
469 2708 507 2749 ex
529 2688 593 2762 eJus
616 2689 720 2748 verbis
744 2688 852 2762 conjici
874 2697 983 2765 potest.
1016 2686 1128 2762 Quodsi
1151 2687 1234 2747 enim
1258 2685 1335 2758 enhi-

127 2797 178 2856 bot
199 2796 307 2868 solem,
329 2797 432 2855 lunam
455 2805 485 2854 et
506 2795 610 2855 sidera
631 2804 732 2855 terrae
755 2794 919 2854 commodis
948 2793 1170 2864 inservientia,
1201 2792 1282 2852 ratio
1310 2793 1336 2850 in

128 2912 249 2984 promtu
279 2913 347 2984 est3
376 2903 472 2962 voluit
504 2903 583 2962 euim
605 2903 725 2961 nonnisi
746 2901 907 2961 historiam
936 2909 1033 2959 ortus·
1052 2900 1174 2959 telluris
1205 2898 1335 2960 consori-

129 3013 213 3083 bere,
236 3020 267 3070 et
288 3010 355 3069 ideo
377 3010 413 3069 de
436 3009 620 3069 coelestibus
644 3009 824 3085 corporibus
846 3016 963 3067 tantum
979 3015 1103 3066 eatenus
1125 3007 1219 3084 loqui,
1242 3013 1336 3085 quate·

16 3122 21 3129 '
131 3136 187 3176 nus
210 3116 247 3175 ad
269 3116 353 3176 illam
376 3115 561 3176 referuntur.
591 3115 718 3175 Minime
749 3123 848 3174 autom
877 3123 1041 3191 propterea
1073 3111 1246 3173 ullosmodo
1269 3110 1335 3171 indi·

130 3224 219 3302 gitat,
241 3240 276 3281 se
298 3221 480 3279 sententiam
503 3229 619 3288 tenere,
642 3228 695 3278 aut
716 3220 825 3279 docere
848 3220 925 3278 velle
936 3261 947 3298 ,
979 3218 1059 3278 huno
1091 3219 1213 3278 unicum
1246 3217 1335 3277 coele·

132 3329 224 3388 stium
247 3344 409 3403 corporum
431 3325 521 3384 finem
545 3343 625 3395 esse,
648 3335 681 3385 ut
703 3334 805 3384 terrae
825 3324 950 3383 utilitati
980 3323 1168 3404 inserviant3
1198 3331 1229 3382 et
1253 3323 1335 3382 multo

133 3435 231 3494 nrious
254 3433 379 3502 asserit,
402 3449 438 3492 ea
460 3448 590 3507 corpora
612 3447 685 3490 esse
708 3431 801 3490 veluti
824 3431 853 3488 in
876 3431 954 3488 coeli
977 3429 1094 3488 fornice
1117 3429 1220 3488 adixa.

216 3540 245 3603 2.
267 3539 364 3598 Juxta
386 3530 615 3614 chronologiam
645 3536 813 3594 Massicam
836 3553 892 3594 sex
920 3535 1044 3594 circiter
1075 3551 1224 3592 annorum
1254 3531 1335 3593 millu

136 3647 265 3724 oprimi
286 3644 416 3711 hominis
439 3643 593 3701 creatione
617 3642 795 3710 effluxisse3
818 3659 909 3718 quum
931 3650 1030 3699 tamen
1053 3656 1092 3697 ex
1113 3639 1332 3717 Aegyptiam,

136 3752 376 3823 chaldaeorum,
415 3748 558 3806 ludorum
599 3755 687 3823 atque
725 3746 912 3805 sinensium.
932 3745 1092 3806 annalibus
1131 3753 1162 3803 et
1191 3740 1331 3804 historiola

136 3854 339 3916 monumentis
362 3860 498 3920 constet,
527 3853 618 3929 longe
646 3851 798 3928 antiquius
826 3866 923 3928 genus
952 3850 1113 3910 humanum
1145 3866 1215 3910 esse
1238 3840 1330 3928 epocll

137 3961 190 4022 illi
212 3980 230 4021 a
248 3961 356 4036 Moyse
379 3957 563 4021 constitutas
1282 3956 1285 3965 “

142 4086 413 4105 μ

173 4152 196 4218 ¹)
215 4155 256 4204 De
272 4151 359 4211 prise.
378 4155 397 4201 t.
416 4154 446 4202 3.
464 4165 490 4200 e.
510 4151 538 4200 a.
558 4143 629 4215 opp.
647 4146 681 4199 Τ.
702 4149 725 4197 1.
742 4160 769 4212 p.
788 4145 837 4197 rba
855 4159 897 4197 ss.
925 4142 1078 4197 caeterum
1100 4143 1161 4207 iam
1180 4143 1328 4196 clemen·

140 4244 241 4296 Alex.
261 4241 362 4309 plures
380 4243 445 4290 ante
462 4237 538 4290 huno
556 4235 654 4288 orbem
670 4243 816 4289 terrarum
835 4232 1283 4299 luisseexortos,aignitioaverat.
1297 4219 1327 4274 cl·

140 4334 247 4388 Phot.
265 4333 337 4382 Bibl.
357 4332 387 4382 c.
407 4333 477 4380 109.
503 4328 611 4380 Contra
637 4327 769 4393 origenis
789 4326 963 4379 sententiam
980 4324 1206 4379 Methodiu's
1225 4311 1326 4386 singul·

138 4438 202 4477 rom
220 4422 338 4475 librum:
357 4425 399 4472 De
417 4422 495 4472 retus
512 4423 622 4481 crealis,
640 4418 823 4485 conseripsit.
843 4419 894 4484 Ap.
911 4417 1015 4469 Phot.
1033 4419 1104 4468 Btbt.
1124 4418 1155 4467 C.
1175 4419 1242 4469 235.

175 4507 199 4579 ¹)
218 4512 327 4564 eone.
345 4509 380 4562 v.
398 4507 556 4562 crolle.
575 4510 611 4563 11.
621 4511 690 4562 corr.
709 4512 738 4560 e.
756 4513 847 4561 amm
868 4513 915 4560 η.
933 4505 1069 4569 Manat,
1088 4508 1160 4561 ceu.
1179 4507 1255 4561 cose.
1270 4488 1324 4548 Μ·

143 4619 169 4658 e.
186 4605 247 4658 ³83.
265 4601 309 4656 ci.
327 4599 467 4654 lustin.
486 4599 590 4666 imper.
608 4604 644 4654 1..
662 4603 724 4653 ado.
743 4601 817 4662 Orto.
834 4597 876 4653 lb.
894 4612 920 4653 e.
938 4598 988 4651 487
1007 4610 1050 4651 ss.
