2926 5168
1273 203 1316 274 tt

117 351 249 432 fideles,
271 370 308 412 se
322 357 448 420 meaios
461 369 531 414 esse
547 356 586 415 ‹te
598 355 739 414 tenebris
750 356 787 414 io
802 355 988 419 admirabile
1008 356 1132 434 lenton,
1164 361 1249 443 quel
1274 368 1323 423 est

120 455 211 536 opud
229 453 448 536 Apostolorum
475 457 678 544 Principem,
700 478 771 521 eoos
797 479 922 524 ummo
942 466 1041 527 omni
1048 466 1249 544 jucunditate
1262 487 1318 529 eo·

117 567 297 642 pertentes,
317 563 420 642 primo
449 581 486 623 se
507 565 543 627 lo
573 562 677 626 Decem
708 566 839 629 sedero
864 571 1070 649 profitentem
1101 580 1196 654 etque
1232 582 1324 635 recte
1418 633 1425 643 ,

120 667 163 741 ab
179 665 330 740 Ecclesia
346 666 484 735 dorcemo
504 665 537 730 in
555 667 701 732 omnihus
717 668 893 752 symbolis,
916 669 986 736 sivo
1007 671 1039 736 iu
1058 671 1211 739 conciliis
1231 693 1325 741 occu·

120 770 258 849 rnenicis
273 769 344 837 sive
364 782 458 835 extra
476 771 588 837 eodem
602 770 776 849 confectis,
799 774 921 860 primus
936 775 1011 844 lidci
1029 777 1202 847 articulus:
1226 781 1327 850 creto

120 882 157 945 io
178 879 292 956 Deum,
315 876 491 943 collocatus
513 876 664 957 occurrit.

208 980 245 1047 C.
267 981 471 1055 Reveletioni
498 971 623 1068 quoque
658 984 819 1051 rationem
844 1007 982 1072 prorsus
1022 991 1197 1065 assentiri,
1231 1006 1328 1079 utque

123 1107 269 1165 surnms,
291 1107 373 1173 quae
389 1087 548 1174 postulari
564 1099 691 1173 potest,
713 1090 904 1156 certitudine
921 1094 1138 1163 ucevideutia
1154 1118 1197 1162 ex
1221 1099 1322 1164 notio·

121 1214 164 1266 ne
188 1213 246 1259 seu
266 1205 381 1265 nunus
400 1193 483 1259 entis
510 1192 760 1277 perfectissimi,
792 1217 890 1281 porro
923 1218 966 1263 ex
1005 1200 1178 1267 existentia
1205 1205 1326 1271 contiu-

122 1297 216 1385 geuti
231 1296 400 1382 utriusque
417 1296 535 1373 muudi,
559 1310 654 1384 utque
663 1298 785 1365 ordinis
801 1299 833 1365 in
842 1302 904 1367 hoc
922 1304 1096 1389 conspicui,
1108 1307 1232 1392 physici
1248 1309 1329 1376 scili·
1365 1343 1366 1346 ¹

124 1414 179 1468 cet
195 1414 229 1467 et
243 1401 395 1478 moralis,
418 1422 479 1468 nec
493 1424 557 1467 non
570 1424 615 1471 ex
630 1424 793 1471 consensu
808 1407 948 1496 omniurn
972 1409 1114 1496 gentium
1132 1432 1173 1477 uc
1196 1415 1326 1497 populo-

123 1532 197 1575 rum
209 1507 417 1583 existentium
429 1508 492 1574 Dei
507 1511 741 1586 demonstrare,
758 1511 791 1578 in
809 1512 995 1603 Theologis
1015 1516 1161 1603 generali
1179 1526 1209 1594 ¹)
1221 1529 1328 1584 osten·

125 1615 240 1681 dimus.

210 1723 377 1792 observ.
400 1725 428 1791 1.
449 1726 484 1785 tn
507 1725 674 1805 Theologis
692 1729 829 1804 generali
852 1731 966 1806 pariter
984 1730 1203 1804 ahomvimus,
1222 1734 1318 1794 Theo·

126 1835 214 1910 logiis
231 1831 310 1892 iuter
328 1849 362 1893 se
373 1830 453 1891 houd
471 1833 653 1906 convenire,
675 1840 776 1893 utrum
798 1835 929 1912 cognitio
945 1836 1003 1895 Dei
1021 1837 1110 1896 nohis
1125 1839 1259 1916 ingenite
1278 1842 1331 1909 sit,

126 1947 156 1997 et
171 1957 189 1998 s
202 1947 312 2014 nature
327 1937 434 1997 intime
450 1937 620 2014 impresso,
642 1956 697 1999 sou
714 1940 887 2001 immediate
913 1941 949 2000 sb
974 1961 1032 2000 uno
1055 1953 1180 2004 naturae
1210 1954 1333 2004 auctore

128 2046 193 2109 Deo
210 2044 320 2103 smmis
341 2037 459 2103 uostris
485 2042 597 2116 indiis,
620 2044 663 2104 ite
677 2053 710 2107 ut
727 2065 765 2108 ex
779 2046 846 2107 solu
873 2049 1072 2106 terminorum
1103 2067 1157 2108 seu
1181 2052 1331 2110 notionum

129 2148 367 2227 apprehensione
389 2165 476 2207 mens
499 2166 573 2209 sena
600 2157 630 2208 et
649 2157 765 2211 etteutu
790 2152 1080 2229 intelligat,l)eun1
1108 2174 1193 2224 esse,
1215 2175 1250 2215 eo
1267 2157 1333 2232 ipso

129 2254 232 2324 modo,
256 2273 312 2331 quo
330 2255 433 2314 nsum
454 2271 489 2312 oc
509 2255 575 2313 sine
596 2257 720 2331 praevio
743 2255 882 2316 discursu
908 2277 934 2317 e.
957 2277 986 2334 g.
1008 2260 1193 2336 concipimus
1223 2260 1333 2319 verite·

131 2371 211 2431 tem,
235 2360 424 2438 impossibile
441 2377 530 2429 esse,
553 2369 585 2420 ut
609 2361 688 2423 idem
710 2363 800 2423 simul
823 2364 882 2431 sit,
905 2371 933 2421 et
957 2381 1016 2421 non
1040 2365 1098 2432 sit,
1121 2373 1211 2442 atque
1240 2364 1332 2426 tltud;

131 2463 271 2528 alteriue
290 2466 418 2541 leceris,
440 2465 518 2542 quod
536 2466 590 2525 tibi
609 2466 676 2527 fieri
690 2485 749 2527 non
765 2468 828 2534 viss
850 2486 886 2526 sn
901 2485 974 2526 vero
996 2468 1116 2526 nonnisi
1133 2469 1255 2546 praevio
1271 2467 1331 2525 dis·
1419 2525 1422 2532 .

131 2590 223 2640 cursu
236 2589 272 2635 sc
284 2571 462 2641 ratiocinio,
484 2571 566 2633 facili
593 2571 729 2648 quidem,
751 2581 782 2632 et
801 2573 960 2650 unicuique
984 2574 1093 2642 obvio,
1121 2574 1253 2650 cognitio
1275 2573 1333 2630 Dei

131 2676 237 2745 heberi
269 2685 365 2756 queat.
386 2677 492 2752 Neque
519 2680 730 2738 controversie
754 2677 829 2738 hsce
855 2678 892 2738 sd
922 2678 1010 2737 iidem
1041 2686 1165 2755 spectet.
1188 2678 1250 2737 Nos
1280 2696 1334 2754 pro

134 2801 281 2845 concesse
306 2782 393 2851 uobis
420 2783 450 2840 in
478 2782 625 2857 ejusmodi
644 2783 736 2842 rebus
762 2785 903 2844 libertate
918 2784 1120 2852 arbitremur,
1142 2782 1239 2840 ideam
1259 2783 1335 2852 Dei,

133 2893 203 2952 licet
217 2889 314 2957 monti
332 2896 457 2951 nostrae
474 2886 562 2948 valdo
580 2907 674 2965 propo
689 2889 784 2958 adsit,
807 2897 908 2981 tomen
930 2883 1026 2949 eidem
1046 2895 1184 2946 enatura
1208 2888 1334 2962 impres·

133 3016 197 3065 sem
212 3013 273 3063 non
286 3013 373 3071 esso;
396 3012 487 3072 quum
511 2995 578 3071 ipss
597 2995 759 3055 manifeste
774 2996 913 3054 intuitivs
931 3012 991 3054 nun
1010 2995 1068 3062 sit,
1090 2993 1145 3051 sed
1159 2993 1260 3069 potius
1278 2992 1330 3048 eb-

135 3109 270 3182 streots3
292 3106 380 3175 etque
396 3100 466 3175 quie
489 3099 654 3176 cognitioni
674 3107 817 3158 enatura
837 3100 946 3159 insitae
962 3118 1049 3161 nenio
1062 3098 1204 3156 dissentit
1225 3114 1261 3155 uc
1284 3114 1331 3152 re·

135 3210 283 3276 luctatur,
305 3203 381 3282 quod
401 3212 500 3261 tamen
529 3204 558 3260 in
583 3204 651 3262 idea
676 3206 734 3263 Dei
755 3205 892 3264 obtinere
923 3205 1109 3281 experientia
1136 3211 1334 3262 contestatur.

136 3310 190 3386 Qui
207 3318 307 3370 autem
322 3308 502 3367 sententiam
518 3309 702 3374 contrariom
720 3306 748 3382 ⁸)
770 3308 801 3367 in
816 3308 893 3366 locis
908 3306 940 3365 S.
959 3309 1135 3384 Scripturse
1161 3326 1252 3384 supera
1274 3308 1335 3364 lau·

137 3416 212 3476 letis
228 3411 465 3492 deprehendisse
480 3413 538 3471 sibi
561 3412 716 3472 videntur:
739 3421 842 3488 operte
857 3413 964 3484 oculis,
986 3412 1042 3472 hec
1059 3414 1195 3490 opinione
1214 3429 1336 3488 praeoc-

138 3525 271 3600 cupatis,
303 3520 427 3578 nimium
452 3517 608 3595 indulgent
630 3519 668 3596 ³).
690 3517 813 3579 Petrum
842 3537 916 3578 vero
944 3519 1117 3576 testimonia
1134 3512 1162 3598 ⁴]
1184 3516 1273 3574 facile
1302 3516 1338 3575 de

138 3629 267 3688 mediate
282 3642 396 3703 quoquc
423 3625 483 3682 Del
512 3624 685 3701 cognitione
717 3622 848 3704 intelligi
871 3633 1017 3702 possunt,
1046 3623 1133 3701 idque
1160 3640 1195 3680 eo
1222 3622 1337 3702 magis,

139 3752 224 3812 quum
243 3741 274 3793 ot
292 3733 351 3809 ipsi
377 3726 430 3790 ills
445 3729 503 3790 hoc
519 3748 613 3790 senso
628 3740 788 3809 exponant.

170 3991 194 4054 ¹)
213 3990 259 4042 cl.
277 3987 310 4041 P.
330 3992 353 4040 t.
370 3989 396 4055 i.
414 3991 508 4042 3-1o.
527 4004 553 4056 p.
574 3987 683 4040 tt-ee.

169 4077 192 4146 ²)
213 4079 257 4132 ct
275 4077 393 4146 duic,
411 4079 519 4145 delict.
537 4075 686 4144 munatii.
704 4069 774 4130 iii.
796 4075 871 4127 18216.
889 4089 915 4141 p.
934 4075 984 4127 3⁰1
1003 4087 1026 4123 s
1044 4073 1095 4124 etc
1113 4087 1140 4125 s.

170 4161 193 4232 ³)
212 4163 385 4239 lts'uuoquo
400 4169 492 4233 Eucti.
513 4174 535 4235 1,
555 4170 597 4220 to.
615 4166 665 4221 uti
691 4167 725 4218 de
750 4166 854 4227 timore
872 4162 925 4221 Dei
942 4167 1091 4223 contrecto
1115 4176 1178 4223 curu
1193 4159 1338 4224 <coelibus

142 4259 269 4324 scriptor
285 4240 369 4319 sacer
386 4255 530 4325 loquitur,
547 4257 604 4311 huc
623 4271 679 4309 non
697 4255 857 4322 pertinere,
877 4266 928 4321 per
946 4266 980 4305 se
997 4253 1124 4318 patulum
1144 4258 1198 4305 est.

172 4344 197 4410 ¹⁰)
217 4346 261 4400 ci.
290 4331 452 4400 Tertull.
482 4351 557 4400 cont.
584 4349 716 4401 llurciou.
743 4349 760 4394 l·
788 4348 813 4397 l.
842 4361 866 4398 c.
893 4348 942 4399 to,
969 4341 1038 4411 opp.
1064 4342 1102 4394 V.
1131 4343 1158 4399 2.
1184 4357 1211 4408 p.
1232 4343 1340 4399 tili„-

144 4435 533 4502 cheoph11.tnrioeh.
559 4441 601 4491 Ad
624 4441 719 4492 Anici..
737 4439 757 4488 t.
783 4422 811 4488 l.
837 4451 864 4486 s.
886 4437 914 4486 5.
932 4431 1004 4498 Opp.
1021 4430 1165 4484 sustin.
1182 4445 1209 4498 p.
1227 4433 1288 4488 363.
1307 4459 1339 4469 ·-

146 4526 279 4587 Totius.
298 4527 373 4583 cont
392 4529 490 4578 Groee.
507 4543 533 4578 n.
549 4532 580 4581 4.
599 4525 638 4578 lb·
658 4537 688 4591 p.
704 4523 1027 4589 coc-literonym.
1049 4527 1148 4577 comni·
1172 4525 1341 4583 induistus!

149 4618 204 4671 Got-
222 4628 246 4670 o.
266 4620 295 4669 1.
305 4606 376 4680 opp.
388 4616 421 4670 Τ.
437 4617 462 4668 7.
471 4615 503 4668 Ρ.
525 4618 549 4672 1.
562 4629 585 4672 c.
604 4616 776 4682 icterus,
796 4618 824 4673 2.
842 4626 868 4670 c.
887 4611 1199 4680 tute-Augustisq
1218 4610 1247 4665 lt.
1261 4625 1286 4664 s.
1298 4614 1339 4674 cc.
