2926 5168
1256 39 1328 65 „w

86 367 205 453 ginem,
228 366 259 430 in
281 364 429 429 omnibus
449 365 594 448 partibus
621 365 766 450 pet-secte
789 367 1025 452 exprimentem
1044 386 1082 431 ac
1106 385 1298 451 repraesen·

88 484 207 536 tantem
230 467 263 533 ad
291 469 475 551 ἀρχέτυπον,
509 470 617 554 illique
640 485 889 558 congruentem,
920 484 953 537 et
975 473 1049 536 biuc
1071 484 1205 556 utraque
1233 493 1300 536 vox

87 577 184 640 etiam
201 583 236 658 ap
258 581 328 652 σκιᾷ
345 574 526 659 opponitur.
547 575 635 639 Unde
659 577 730 660 ipse
749 588 863 642 auctor
884 576 1043 661 epistolae
1066 578 1106 640 ad
1127 576 1300 640 Hebraeos

86 681 217 747 scribit:
252 682 414 756 Umbram,
446 677 547 756 σκιὰν,
579 683 699 746 babeam
725 685 1006 762 hesternorum
1035 685 1206 757 mum,
1238 702 1303 744 non

83 794 223 870 ipsam
242 790 480 866 incopiosae,
503 782 554 867 τὴν
575 784 673 849 εἰκόνα
685 835 696 872 ,
717 811 824 852 rerum
849 787 887 862 ¹l.
910 787 946 852 lu
971 789 1074 852 hoece
1100 808 1178 851 vero
1203 806 1302 855 seusu

83 894 280 959 vocabulum
297 889 448 974 χαρακτὴρ
466 892 687 976 accipiendum
706 915 799 968 esse,
822 894 958 958 alterum
976 896 1142 973 συνώνυμον
1161 892 1303 956 anuutia·

80 998 187 1063 tionis
213 998 414 1071 membrum,
444 1018 542 1082 porro
567 1010 792 1084 argumentum
822 998 921 1063 totius
944 999 1134 1083 pericopae,
1156 1017 1217 1062 nec
1239 1018 1303 1061 noo

74 1105 266 1187 adjectum:
288 1108 339 1184 τῆς
356 1100 560 1176 docuerimus,
582 1102 744 1188 postulat3
766 1123 863 1167 secus
881 1104 975 1177 erum,
999 1103 1028 1166 si
1042 1103 1216 1187 Apostolus
1234 1122 1305 1165 ver-

69 1209 137 1273 bis
167 1208 231 1273 illis
251 1207 425 1294 imaginem
451 1207 515 1271 Dei
540 1206 802 1283 substantialem,
836 1208 941 1291 ipsam
964 1207 1139 1273 essentiam
1165 1207 1305 1271 divinant

65 1314 298 1386 referentem,
312 1311 455 1376 indicare
474 1313 556 1375 haud
573 1312 747 1376 voluisset:
759 1333 822 1374 non
838 1311 1085 1398 intelligeretur,
1108 1312 1182 1397 quid
1199 1313 1307 1377 addita

62 1440 172 1484 voce
193 1419 254 1482 bac
271 1416 456 1504 siguificare
473 1417 621 1481 voluerit.
639 1417 688 1481 Ita
707 1438 833 1502 quoque
854 1437 917 1482 non
939 1428 1049 1502 potest
1072 1438 1148 1481 esse
1167 1419 1305 1492 dubium,

60 1544 208 1589 vocem
227 1518 313 1584 εἰκών
335 1522 367 1586 in
392 1523 465 1586 loco
481 1522 638 1607 epistolae
664 1524 704 1586 ad
731 1522 951 1587 colossenses
971 1527 1089 1598 citato,
1121 1523 1252 1594 eodem,
1275 1533 1308 1585 et

58 1651 151 1693 non
179 1627 244 1692 alio
273 1647 373 1691 sensu
394 1627 584 1691 sumendam
608 1647 701 1702 esse,
724 1648 818 1711 quum
840 1627 955 1710 hujus,
986 1625 1152 1691 Christum
1175 1626 1304 1691 scilicet

51 1733 266 1820 imaginem
287 1731 349 1795 Dei
365 1731 536 1796 invisibilis
556 1752 642 1806 esse,
665 1731 774 1795 statim
797 1751 896 1796 causa
916 1730 997 1795 baec
1014 1731 1161 1803 addatur,
1184 1730 1305 1815 inipso

57 1836 222 1906 condita
238 1857 313 1900 esse
331 1836 482 1900 universa
504 1837 537 1901 iu
561 1837 664 1901 coelis
687 1849 720 1900 et
736 1837 768 1900 iu
791 1848 897 1911 terra,
919 1835 1059 1900 visibilia
1077 1847 1111 1899 et
1126 1836 1308 1909 invisibilia,

57 1945 178 2032 quod
199 1941 327 2007 nonnisi
344 1941 448 2026 ipsius
469 1940 646 2006 divinitatis
662 1962 738 2005 esse
755 1953 878 2024 potest5
902 1942 1169 2026 quemadmodum
1186 1953 1220 2005 et
1237 1942 1311 2005 alibi

64 2047 255 2139 gloriam,
276 2070 328 2129 την
350 2045 457 2128 didm,
481 2046 613 2113 Christo
637 2047 810 2120 adscribit,
833 2045 905 2130 quia
926 2059 977 2111 est
999 2053 1104 2126 imapo
1122 2051 1207 2128 Dei,
1230 2044 1313 2110 stads

64 2161 141 2218 τοῦ
169 2158 248 2214 θεοῦ
269 2158 306 2232 ²).
329 2189 369 2198 —-
392 2152 421 2214 b.
443 2151 569 2215 Deinde
591 2151 636 2215 ait
659 2153 781 2216 Ductor
804 2151 958 2237 gentium,
980 2156 1014 2215 in
1037 2154 1312 2215 0166606616ώὲ-

73 2270 163 2325 tare
176 2279 301 2322 omnem
308 2261 537 2339 plettitutlinem
549 2262 734 2332 divinitatis,
746 2262 805 2319 πᾶν
819 2252 852 2318 τὸ
863 2252 1007 2338 πλήρωμα
1020 2262 1071 2338 τῆς
1085 2249 1238 2337 θεότητος,
1252 2255 1272 2320 i.
1285 2277 1310 2319 e.

78 2385 156 2428 non
167 2360 341 2446 portiouen
352 2361 501 2446 aliquam,
510 2362 571 2425 sed
584 2371 683 2425 totam
694 2361 904 2436 divinitatem,
917 2373 950 2424 et
962 2360 1089 2446 quidem
1098 2366 1313 2441 corporaliter,

87 2471 283 2550 σωματικοῖς,
307 2464 482 2550 leibbuftlg,
503 2466 523 2529 i.
548 2486 575 2528 e.
597 2486 661 2528 non
684 2473 831 2546 σχετικοὸς,
854 2463 919 2528 ἀλλ’
944 2465 1119 2540 οὑσιωδῶς,
1142 2478 1178 2530 ut
1198 2467 1314 2532 scribit

91 2568 388 2644 Oecumenius,
419 2591 478 2633 seu
500 2575 542 2647 τῷ
563 2562 641 2643 ὄντι,
675 2568 821 2649 stratis),
850 2588 925 2654 paup
946 2570 1112 2655 cigentlldn
1142 2571 1234 2637 Haec
1263 2586 1315 2638 est

98 2677 183 2742 enim
201 2673 352 2760 loquendi
371 2673 453 2738 ratio
470 2673 579 2754 Pauli,
602 2673 656 2758 qui
673 2673 783 2737 statim
800 2673 933 2737 inferius
952 2675 1125 2740 veritatem
1146 2677 1315 2763 religionis

99 2778 305 2846 Christianae
326 2778 358 2842 in
382 2778 584 2862 oppositione
607 2779 790 2842 umbrarum
815 2779 934 2864 antiqui
956 2780 1163 2846 Testamenti
1187 2804 1314 2861 carpus,

100 2883 130 2947 ni
154 2892 253 2968 σῶμα,
275 2884 413 2969 adpellat
436 2893 474 2959 ³).
497 2883 704 2968 Quapropter
723 2895 756 2948 et
775 2883 807 2948 in
827 2905 904 2949 mox
924 2886 1197 2968 praecedentibus
1219 2887 1321 2968 dixe2

98 3039 404 3055 m

135 3103 159 3169 ¹)
176 3101 265 3154 Hebr.
295 3105 336 3164 tu,
363 3103 387 3152 t.
414 3101 456 3152 Cf.
483 3100 642 3166 Gregor.
667 3102 752 3155 Nan.
781 3106 825 3154 or.
858 3105 908 3154 36.
933 3101 1002 3167 Opp.
1030 3102 1062 3156 Τ.
1083 3105 1107 3156 t.
1127 3117 1152 3156 c.
1170 3105 1220 3155 52³
1238 3119 1265 3158 s.
1286 3128 1316 3144 ι-

101 3191 281 3243 athanas.
307 3193 382 3243 Cant.
408 3193 501 3241 Arion.
532 3191 576 3240 Or.
608 3195 635 3243 1.
655 3208 681 3243 n.
699 3195 826 3244 20-21.
846 3189 915 3257 0pp.
935 3190 965 3241 Τ.
988 3194 1011 3243 t.
1029 3192 1060 3245 P.
1083 3195 1105 3243 1.
1125 3205 1153 3257 p.
1171 3193 1220 3242 627
1239 3206 1265 3243 s.
1285 3216 1315 3230 -

102 3279 237 3344 cyrill.
256 3278 356 3332 Alex.
377 3284 504 3333 Tlesour.
522 3283 581 3332 Ass.
595 3284 643 3332 32.
658 3280 727 3348 0pp.
741 3282 773 3332 T.
784 3283 807 3330 5.
821 3281 852 3331 Ρ.
865 3280 926 3344 l.p.
943 3282 1041 3333 aotJn
1051 3284 1134 3333 Jonas.
1154 3288 1173 3333 t.
1194 3286 1220 3333 2.
1241 3280 1272 3331 'l'-
1291 3281 1316 3334 lt.

102 3372 208 3436 uaso.
227 3398 259 3407 -
277 3368 449 3420 amaros.
469 3374 509 3420 ue
526 3372 571 3427 aa.
589 3373 609 3421 ι.
632 3375 656 3420 ι.
676 3387 700 3423 0.
720 3375 748 3423 r.
768 3387 792 3422 n·
813 3351 939 3421 as-so.
965 3367 1036 3436 opp.
1065 3369 1097 3420 r.
1115 3371 1143 3422 2.
1162 3383 1187 3422 e.
1206 3371 1265 3420 asa.
1286 3397 1317 3406 -

100 3457 220 3510 Hilar.
240 3462 280 3509 De
299 3462 391 3510 iltuit.
409 3463 429 3510 t.
451 3463 497 3509 Η.
516 3475 542 3510 n.
561 3463 589 3509 6.
609 3457 679 3526 0pp.
695 3460 730 3512 Τ.
746 3461 773 3512 2.
793 3472 817 3510 c.
836 3460 895 3509 377.
914 3461 955 3510 De
971 3461 1038 3520 spe.
1054 3477 1075 3510 s.
1095 3463 1127 3509 de
1151 3461 1196 3517 fid.
1215 3461 1317 3514 (trient.

101 3568 131 3604 s-
150 3553 278 3603 aa-n.
294 3547 337 3601 lb.
355 3563 382 3604 c.
400 3549 460 3600 ltdt.

136 3633 163 3702 ¹)
181 3639 207 3689 2.
226 3637 295 3691 Gor.
313 3638 383 3700 luit.
402 3637 442 3689 Cf.
461 3638 619 3704 Gregor.
638 3640 720 3692 Nan.
747 3643 791 3693 Or.
818 3645 869 3692 36.
896 3639 965 3706 0pp.
995 3638 1028 3689 Τ.
1055 3640 1077 3688 1.
1106 3649 1133 3688 a.
1151 3639 1201 3689 523
1220 3651 1246 3689 s.
1266 3636 1321 3700 Qut

104 3725 223 3781 scribit:
242 3730 333 3789 lutuno
354 3725 421 3791 (Dei
441 3726 508 3778 mint
528 3727 583 3778 dici
602 3727 746 3792 videtur),
774 3737 803 3778 ut
827 3731 946 3789 ejusdem
966 3743 1025 3778 curn
1044 3731 1123 3777 Putre
1145 3728 1320 3784 substantioe,

100 3830 130 3881 ,et
148 3819 213 3882 puin
229 3831 266 3868 ‘es
284 3819 332 3866 illo
348 3825 398 3880 est,
418 3827 446 3867 ut
463 3825 600 3878 esenrplm·
618 3835 694 3870 suum
712 3821 843 3871 imitando
860 3824 971 3879 reserat.
992 3822 1149 3884 Qurrnpuum
1168 3819 1212 3866 dic
1232 3820 1320 3890 imrrpo

105 3911 335 3966 exemplatorum
354 3910 505 3966 expressius
521 3912 612 3967 refert.
630 3911 693 3960 luto
712 3910 783 3960 enim
800 3912 842 3960 rei
860 3911 937 3959 vitane
953 3924 986 3958 oc
1005 3914 1076 3957 motu
1092 3909 1232 3963 praeditae
1250 3922 1320 3957 mor-
1378 3906 1382 3923 ¹

106 4007 152 4048 tun
170 4005 197 4047 et
214 4005 299 4047 neotus
316 4012 411 4055 expers
437 4000 524 4057 imopo
549 4005 603 4047 est:
628 3999 673 4047 bic
697 4004 785 4047 (tutem
810 4000 864 4048 viai
889 3998 1050 4054 exemplaris
1077 3997 1138 4044 vivo
1164 4010 1266 4058 quoque
1284 4003 1323 4046 est

108 4090 230 4148 effarier,
254 4089 388 4149 multoque
405 4089 492 4137 minus
510 4103 527 4135 o
544 4089 627 4136 Putre
646 4088 791 4146 differens,
821 4102 898 4149 quum
918 4089 983 4138 seed
1002 4087 1035 4135 ub
1054 4088 1173 4145 Adsum,
1197 4087 1322 4146 filiusque

108 4162 193 4228 orrents
211 4193 228 4225 n
244 4185 354 4234 patrante
371 4191 428 4225 suo.
447 4177 608 4235 Huiusmodi
625 4189 738 4237 nomque
756 4176 918 4233 simultatum
935 4190 1024 4226 rerum
1041 4182 1138 4224 arctura
1157 4182 1205 4235 est,
1224 4182 1253 4224 ut
1269 4190 1322 4224 non

103 4249 203 4323 purtim
219 4269 291 4316 inter
308 4281 336 4316 se
353 4267 456 4316 sitnites
478 4268 547 4323 sint,
569 4267 665 4322 panim
689 4265 844 4325 dissimiles,
863 4269 912 4315 sed
939 4273 1009 4315 totos
1028 4265 1096 4314 totas
1113 4271 1323 4324 remnasentent,

108 4359 271 4418 arcentemque
287 4358 374 4414 notun
398 4357 452 4406 sint
472 4371 551 4418 prtum
574 4357 685 4405 similes.
703 4381 737 4392 -·
765 4355 965 4418 augustin.
984 4358 1020 4407 Ι..
1039 4357 1088 4405 83.
1108 4364 1208 4418 penest.
1227 4371 1253 4418 p.
1274 4357 1323 4406 74.

108 4443 181 4510 opp.
199 4442 230 4494 't'.
249 4446 275 4494 o.
293 4456 316 4495 c.
333 4445 374 4495 66.
394 4445 520 4496 Retract.
538 4447 558 4496 t.
577 4448 606 4518 t.
632 4459 657 4495 ο.
683 4447 732 4495 26.
761 4444 792 4497 Τ.
813 4446 836 4494 t.
862 4457 888 4496 e.
906 4446 951 4497 66.
985 4445 1037 4508 Qut
1056 4441 1246 4509 (Uesperum)
1266 4453 1323 4497 ton·

108 4537 241 4585 tummodo
259 4537 347 4591 trottae
365 4543 415 4594 est,
433 4549 486 4585 nun
503 4537 539 4584 od
555 4536 711 4594 imaetptnem.

144 4615 171 4686 ³)
189 4621 248 4675 eat.
268 4623 296 4687 a,
314 4625 353 4673 ιν.
1085 4691 1124 4744 w
