2926 5168
123 405 125 411 -
181 364 308 427 *lentum
339 361 538 446 Angelorum
579 354 754 424 custodum
779 357 831 425 est
850 353 1169 442 instrunmento
1200 377 1281 424 sane
1301 356 1396 433 *sulii*

190 469 339 533 ciuntad
361 465 464 531 lidem-
479 465 647 530 Ecclesiae
669 465 810 530 omnium
832 466 1033 531 saeculorum
1055 465 1332 530 manifestandam.

319 571 354 638 C.
383 572 535 637 Tandem
565 570 661 636 etiam
688 570 774 636 ratio
806 582 839 635 et
857 591 945 635 *sana
964 569 1170 656 philosophia
1195 586 1261 635 non
1291 580 1397 656 potest

190 697 253 746 non
275 678 307 741 id
329 676 434 762 ipsum
457 696 552 760 quam
584 674 724 739 maxime
750 674 900 759 probare.
924 673 1008 738 Nam
1030 675 1229 760 ⁴sipraeter
1250 675 1397 740 honoiem

190 783 310 870 Angeli
331 801 456 868 quoque
478 781 519 844 ad
541 781 691 844 mundum
713 779 894 865 pertinent:
913 800 977 843 non
997 791 1134 864 possunt
1153 779 1215 864 ipsi
1244 801 1323 846 esse
1345 801 1396 845 ex-

191 888 253 953 teri
275 887 376 951 rebus
398 885 556 953 humanis.
579 884 779 950 sicutenim
802 884 926 966 omnia,
948 896 1106 970 utsupra
1129 886 1197 970 jam
1216 884 1396 970 injecimus,

189 994 222 1057 in
244 994 363 1059 mundo
386 1012 557 1077 corporeo,
581 989 803 1054 siveinter‘se
817 990 1177 1064 stvecumhominibus
1196 991 1395 1074 copulantur,

194 1109 354 1184 quatenus
374 1097 407 1160 hi
430 1095 622 1181 corporibus
645 1106 720 1159 sunt
735 1095 870 1176 uestiti,
892 1095 936 1159 ita
958 1093 1105 1160 similiter
1126 1096 1159 1160 in
1190 1096 1310 1164 mundo
1340 1093 1395 1180 spi-

194 1202 438 1271 ritualiomnes
461 1213 593 1266 naturae
614 1200 698 1264 inter
721 1222 757 1264 se
779 1212 901 1266 etcum
922 1184 1214 1288 hominibusjungi,
1238 1211 1393 1286 quatenus

193 1309 225 1372 lui
248 1306 381 1393 spiritus
404 1318 496 1380 sunt,
520 1318 552 1370 et
574 1306 649 1371 hinc
672 1307 766 1370 etiam
784 1306 875 1372 hisce
898 1328 993 1392 opem
1015 1302 1121 1379 lerre,
1142 1327 1205 1370 non
1229 1306 1302 1370 sine
1332 1305 1395 1370 veri

193 1412 304 1498 specie
322 1412 504 1496 conjicitur.
533 1412 607 1475 Non
641 1411 818 1476 mirandum
842 1412 959 1498 itaque,
982 1410 1157 1477 Gentilium
1180 1432 1314 1498 quoque<
1339 1409 1395 1474 ani·

194 1517 255 1582 mis
279 1518 362 1581 hauc
383 1514 511 1590 insitam
533 1512 634 1579 finisse
657 1515 917 1600 persuasionem,
947 1527 980 1579 et
1002 1537 1096 1602 quam
1124 1516 1284 1600 plurimos
1312 1526 1394 1580 vete·

191 1635 264 1688 'rum
286 1621 553 1706 philosophorum
576 1621 749 1685 confessos
779 1621 900 1697 luisse,
932 1642 1007 1686 esse
1038 1619 1221 1685 hominibus
1251 1619 1396 1708 Angelos

191 1730 231 1794 ad
252 1727 386 1792 tutelam
410 1725 670 1811 praesidiumque
692 1728 869 1810 adjunctos.
1043 1731 1046 1738 ’

272 1833 388 1918 Neque
410 1842 520 1916 potest
543 1831 661 1906 statui,
694 1852 751 1915 per
772 1833 1009 1917 providentiam
1031 1831 1172 1898 divinam
1188 1830 1395 1916 >superfluum

194 1938 288 2004 nobis
310 1936 402 2002 reddi
424 1937 603 2002 custodiam
625 1936 853 2024 Angelorum,¹
867 1949 899 2002 et
920 1937 1049 2024 quidem
1070 1949 1135 2002 tam
1158 1955 1285 2021 parum,
1309 1955 1397 2021 ιιιιιιιι

182 2065 304 2130 parum
320 2052 432 2127 potest
451 2042 586 2117 adstrui,
604 2063 643 2106 eo
661 2044 745 2128 quod
756 2043 847 2108 Deus
863 2043 1010 2108 humanis
1025 2043 1124 2108 rebus
1135 2041 1318 2128 provideat,
1340 2061 1399 2104 noo

190 2137 267 2214 esse
286 2148 418 2213 divitum
434 2148 549 2232 opibus
566 2149 795 2213 sustentandos
807 2169 987 2234 pauperes,
1006 2147 1261 2234 nonpotemium
1280 2144 1399 2223 uiribus

190 2248 369 2320 fulciendos
391 2253 546 2330 inermes,
568 2274 634 2318 nou
657 2254 904 2342 confugiendum
917 2253 1063 2343 aegrotis
1086 2254 1126 2316 ad
1148 2252 1323 2333 medicum,
1339 2270 1398 2314 non

194 2358 347 2447 indigere
364 2359 463 2422 rudes
479 2357 647 2446 magistro.
658 2359 933 2437 Quemadmodum
942 2359 974 2423 in
992 2340 1083 2424 hisce
1101 2347 1208 2444 potius
1223 2367 1318 2422 recte
1330 2375 1399 2441 pro-

192 2464 266 2530 vida
282 2465 347 2528 Dei
369 2485 447 2530 cura
468 2462 572 2528 nostri
594 2462 803 2548 conspicitur,
825 2464 870 2528 ita
884 2484 1010 2550 quoque
1028 2463 1230 2550 Angelorum
1253 2459 1401 2527 custodia

191 2570 448 2657 praesentiorem
471 2569 533 2634 Dei
557 2589 655 2654 opem
673 2569 767 2633 nobis
790 2581 935 2634 testatur.
957 2571 1094 2654 Insuper
1116 2589 1178 2632 non
1202 2566 1325 2654 exigua
1358 2564 1400 2629 in·

194 2689 247 2742 est
268 2675 398 2741 veritati
421 2673 494 2738 huic
516 2673 547 2736 in
571 2674 670 2738 hacce
689 2674 908 2757 lacrymarum
917 2676 1002 2740 valle
1011 2673 1191 2739 consolatio
1202 2692 1264 2737 nec
1284 2668 1398 2734 nonad

191 2780 342 2844 virtutem
352 2776 507 2842 excitatio
517 2777 735 2862 etapeccatis,
766 2777 939 2863 praecipue
954 2777 1115 2843 scandalis
1127 2775 1291 2851 avocatio,
1306 2795 1398 2861 quum

196 2884 349 2956 sciamus,
369 2865 516 2945 intimum
527 2902 604 2946 esse
615 2883 797 2947 sublimium
808 2882 934 2947 illorum
945 2883 1111 2967 spirituum
1120 2903 1194 2949 cum
1204 2881 1401 2946 hominene·

192 3008 279 3062 xum,
289 2994 412 3073 nosque
422 2998 455 3050 et
468 3008 579 3051 eorum
590 2988 711 3074 perfrui
724 2983 902 3064 corr'sortio
914 3000 947 3052 et
957 2987 1079 3074 potenti
1091 2985 1207 3051 muniri
1228 2983 1401 3071 praesidio.

277 3093 372 3157 Haec
391 3104 480 3157 certe
503 3104 592 3168 sunt,
616 3105 649 3157 et
671 3106 764 3158 extra
787 3114 880 3158 omne
903 3094 1032 3159 dubium
1054 3093 1221 3179 collocata.
1252 3091 1401 3176 Attamen

195 3199 224 3263 si
252 3198 395 3263 ulterius,
421 3197 603 3285 quaeritur,
638 3221 712 3266 num
745 3198 1022 3284 scilicettantum
1053 3197 1220 3270 fidelibus,
1244 3217 1295 3278 *an
1327 3214 1402 3277 uero

194 3303 496 3368 omnibusomnino
519 3303 702 3368 hominibus
724 3305 795 3369 sine
819 3303 1004 3371 discrimine
1025 3303 1143 3391 Angeli
1164 3301 1197 3366 in
1224 3299 1402 3372 custodiam

196 3410 406 3494 deputentur3
428 3429 502 3471 num
525 3430 623 3494 porro
646 3409 783 3497 singulis
814 3409 996 3475 hominibus
1032 3411 1126 3472 datus
1155 3407 1201 3472 nit
1229 3405 1402 3495 singularis

195 3515 341 3602 Angelus
364 3525 493 3588 custos,
517 3533 556 3577 an
587 3535 667 3579 vero
699 3515 843 3600 pluribus
874 3537 974 3590 unus,
1007 3497 1251 3600 autunicuique
1279 3513 1402 3596 plures3

194 3631 291 3705 atque
314 3640 387 3683 num
414 3619 607 3702 Ecclesiae,
643 3620 776 3704 ejusque
808 3616 1140 3707 singulispartibus,
1164 3616 1224 3708 seu
1243 3614 1404 3682 Ecclesiis

200 3723 462 3808 particularibus,
479 3744 540 3789 nec
561 3745 627 3788 non
647 3724 760 3811 regnis
783 3745 821 3789 ac
843 3723 1017 3810 provinciis
1034 3712 1154 3811 singuli
1176 3704 1334 3807 praelecti
1345 3720 1405 3785 siut

200 3828 337 3915 Angeli:
359 3828 403 3892 nil
425 3829 506 3895 certi
528 3828 655 3894 deliniri
683 3841 800 3914 potest.
1261 3812 1270 3910 J
1303 3907 1305 3910 y

277 3932 415 3998 Interim
436 3946 545 3998 tamen
566 3935 651 4020 quod
673 3935 714 3999 ad
736 3936 878 4020 priorem
901 3932 1276 4020 quaestionemattinet:
1300 3935 1406 4024 singu·

199 4037 239 4102 lis
261 4037 444 4102 hominihus
466 4039 612 4125 singulos
633 4040 780 4126 Angelos
801 4040 833 4104 in
856 4040 1036 4105 custodiam
1054 4039 1240 4114 destinari,
1274 4060 1318 4104 ex
1346 4041 1406 4105 lan

199 4142 283 4209 datis
306 4142 416 4206 verbis
439 4142 563 4209 Christi
585 4144 697 4232 colligi
719 4166 817 4230 posse
838 4145 977 4218 videtur,
1000 4155 1033 4209 et
1054 4163 1098 4232 ert
1118 4164 1285 4230 responso
1303 4165 1407 4212 acon·

201 4247 351 4336 gregatis
381 4248 412 4310 in
436 4249 530 4312 domo
560 4250 703 4325 Mariae,
736 4251 847 4315 matris
879 4251 1002 4328 lllarci,
1032 4252 1106 4315 dato
1137 4251 1254 4316 Rhode
1287 4253 1408 4339 puellae

203 4351 373 4424 nuntianti,
396 4351 528 4416 Petrum
560 4341 678 4420 adesse
708 4369 741 4420 et
762 4357 909 4442 pulsare,
939 4355 1183 4441 persuasionem
1212 4359 1298 4425 hanc
1330 4359 1410 4447 apud

199 4460 345 4524 ludaeos
370 4458 395 4541 ¹)
429 4459 653 4546 pervulgatam
675 4461 794 4534 misse,
817 4461 905 4527 clare
927 4461 1202 4549 cognoscitur„—
1216 4463 1327 4541 Porro
1348 4464 1411 4548 plu-

237 4609 467 4675 mmmm
