2926 5168
151 398 183 465 2.
205 399 380 462 Patrem
402 399 563 464 Filium.
580 411 622 463 et
642 401 854 486 Spiritum
876 403 913 472 S.
947 423 1044 467 esse
1069 420 1275 488 personas

102 499 250 565 taliter
273 500 523 579 distinctas,
546 506 882 592 demonstratumque

150 608 182 672 3.
203 608 512 693 processiones
534 607 703 674 divinas
726 611 867 695 exponit.

473 918 864 1014 lltnlnsl.

149 1159 276 1224 Pater
298 1173 330 1226 et
352 1162 483 1228 Filius
507 1173 545 1228 et
567 1162 762 1248 Spiritus
785 1163 819 1227 S.
842 1172 935 1226 sunt
957 1183 1056 1226 nnus
1087 1162 1275 1250 idemque

103 1280 180 1328 eus
204 1287 341 1336 verus.

410 1691 933 1769 Articulusl.

364 1873 440 1952 De
474 1873 656 1951 Patre
691 1897 828 1948 vero
864 1869 983 1947 Deo.

435 2059 479 2141 ς.
503 2054 565 2125 32.
588 2057 727 2125 Pater
748 2056 885 2127 Deus.

151 2248 259 2310 Nullus
283 2259 330 2310 eet
353 2251 433 2311 inter
456 2250 514 2309 Del
537 2249 603 2308 veri
625 2267 661 2308 ac
690 2248 750 2307 vivi
784 2248 940 2324 cultores,
969 2247 1019 2323 qui
1041 2242 1147 2306 Patria
1172 2247 1276 2308 divini·

102 2360 172 2425 tom,
195 2358 303 2414 saltem
326 2356 450 2424 directe,
474 2353 706 2432 impugnaverit,
728 2352 864 2430 quamvis
886 2369 1002 2421 omnes,
1025 2354 1075 2428 qui
1096 2352 1171 2411 Filio
1195 2362 1279 2412 natu-

102 2476 135 2515 un
157 2461 287 2519 divinam
310 2460 517 2531 detraxerunt,
541 2481 576 2519 eo
599 2461 664 2537 ipso
687 2476 803 2535 quoque
825 2459 922 2515 Deum
946 2452 1073 2517 Patrem
1096 2476 1187 2515 sensu
1210 2477 1279 2534 pro·

102 2561 136 2620 ·lo
160 2584 229 2624 esse
252 2573 411 2643 negarunt.
433 2566 512 2624 Hinc
535 2565 639 2642 paucis
673 2564 832 2622 absolvere
862 2580 1023 2640 possumus
1049 2562 1180 2639 primum
1201 2562 1280 2621 huno

102 2660 134 2726 lei
160 2680 284 2730 nostrae
306 2670 342 2728 de
364 2671 422 2728 SS.
446 2670 597 2728 Trinitate
620 2669 789 2730 articulum.

194 2773 233 2838 Α.
259 2770 295 2834 ln
313 2771 380 2836 SS..
397 2769 588 2834 Litteris
607 2770 698 2833 Deus
718 2766 835 2854 triplici
854 2779 1005 2853 respectu
1027 2764 1126 2832 Pater
1144 2768 1280 2853 adpella-

102 2920 110 2942 .
153 2889 187 2941 et
209 2876 336 2961 quidem
359 2875 461 2959 primo
482 2873 512 2939 in
537 2874 695 2939 relatione
715 2874 755 2937 ad
776 2872 960 2937 universum
980 2894 1084 2960 genus
1107 2873 1279 2940 hurnanum

102 2980 272 3071 singulos
298 2981 459 3053 homines,
489 2992 649 3067 tamquam
672 3002 783 3045 eorum
808 2978 967 3052 Creator,
997 2976 1220 3043 Conservator
1243 3001 1281 3044 ac

102 3094 213 3170 {tor3
237 3085 350 3150 deinde
369 3085 399 3149 in
422 3085 576 3151 relatione
595 3084 635 3149 ad
648 3087 777 3169 justos,
807 3095 918 3170 utpote
937 3083 1044 3170 gretia
1062 3083 1169 3147 divina
1187 3105 1281 3173 rege·

102 3200 204 3254 atos
228 3201 261 3253 ct
282 3189 366 3253 filios
389 3188 452 3254 Dei
481 3190 670 3275 adoptivos,
703 3203 736 3253 et
767 3189 840 3253 hinc
863 3189 959 3252 etiam
988 3190 1026 3251 ad
1051 3188 1202 3273 populum
1224 3188 1280 3252 du·

102 3309 197 3361 turn
220 3305 252 3358 ct
275 3294 515 3368 Christianum,
545 3306 654 3380 utpote
687 3293 820 3380 speciali
843 3314 882 3359 ac
905 3292 1163 3358 extraordinario
1186 3294 1281 3357 modo

102 3394 294 3475 justitiam
325 3421 364 3464 ac
396 3394 598 3464 sanctitatem
628 3410 798 3485 vocatum3
831 3411 926 3484 atque
963 3411 1031 3463 turn
1062 3398 1092 3462 in
1124 3398 1282 3463 relatione

102 3501 253 3569 «lesum
282 3502 466 3579 Christum,
496 3504 608 3568 Filium
637 3525 730 3567 suurn
757 3502 902 3577 unicum,
932 3502 1112 3566 naturalem
1141 3486 1181 3567 ac
1211 3524 1283 3587 pro·

102 3619 184 3674 ¹¹11.
208 3609 273 3674 Sed
297 3628 485 3693 quocunque
517 3610 641 3672 demum
673 3619 825 3692 respectu
848 3609 888 3671 de
911 3607 1028 3683 Patre,¹
1056 3607 1126 3671 sive
1150 3608 1283 3695 generis

102 3713 210 3789 nani,
233 3714 303 3776 sive
326 3713 513 3788 electorum,
537 3713 607 3777 eive
629 3715 709 3776 deso
729 3711 862 3786 Christi,
885 3711 916 3775 in
936 3713 998 3776 SS.
1021 3711 1283 3803 Litteriseermo

108 3833 124 3873 ἱ
160 3819 279 3905 ubique
307 3819 406 3882 Pater
435 3819 728 3885 divinaenaturae
763 3818 857 3902 plene
888 3822 1068 3903 particeps,
1097 3830 1155 3882 tetr
1183 3838 1283 3883 verus

102 3935 160 3986 tus
184 3922 388 3988 describitur.
412 3924 503 3988 Deris
527 3923 610 3989 enim
634 3935 694 3998 est,

156 4022 1283 4116 l.qniPaterhominumuniversimcognominatur.Sic

101 4137 164 4195 ttto
185 4133 245 4198 sub
269 4134 366 4196 Patre
390 4145 502 4197 nostro
525 4155 620 4198 nemo
644 4133 742 4208 elius,
775 4152 869 4216 quam
892 4124 1107 4199 Deusverus
1130 4132 1283 4199 activus

102 4235 302 4324 tettigmdus
325 4250 386 4314 est,
410 4239 535 4324 quando
559 4238 760 4305 Christus
776 4236 892 4314 uobis,
914 4248 949 4302 ut
970 4257 1121 4320 oremus,
1138 4239 1283 4305 unndat:

108 4349 199 4406 oter
228 4354 399 4417 noster,
430 4349 498 4424 qui
530 4366 576 4406 ea
606 4350 647 4407 tn
675 4346 832 4408 coelia:
860 4355 931 4408 eto.
965 4347 1003 4428 ¹).
1033 4343 1116 4408 ltem
1139 4341 1282 4411 ott-ait:

102 4513 321 4544 'Nn-...—

112 4623 143 4690 1)
160 4629 261 4682 ttattn.
280 4631 306 4691 e,
325 4629 341 4680 n
358 4645 397 4683 ss.
