2926 5168
116 316 213 381 modo
235 316 469 402 supernaturali
495 318 585 390 data,
608 337 666 381 seu
695 315 849 381 divinitus
869 317 975 402 posita
995 330 1059 393 est,
1084 330 1116 384 et
1131 318 1206 386 hinc
1231 320 1330 387 etiam

116 442 177 486 ceu
205 420 278 487 talis
300 421 394 486 uobis
419 422 483 487 fide
508 422 710 507 recipienda,
734 443 794 486 suo
822 422 961 507 positivo
991 425 1181 488 charactere
1210 425 1329 501 divino,

116 527 146 591 iu
171 547 233 612 quo
259 528 328 611 ejus
351 527 554 612 principalis,
576 526 640 592 imo
659 527 764 593 omnis
782 526 887 593 virtus
910 549 948 593 ac
976 528 1121 593 efficacia
1143 543 1330 614 supernatu-

115 629 193 695 ralis
215 632 358 715 reposita
385 645 454 706 est,
490 634 565 698 exui
588 633 658 698 sine
684 633 860 720 sacrilegio
885 635 1001 719 nequit.
1026 634 1202 699 Caeterum
1232 657 1328 725 argu·

116 736 277 801 mentaudi
304 737 387 801 ratio
410 738 546 815 isthaec,
567 751 599 802 et
624 738 721 802 etiam
745 737 898 812 scientia,
923 760 1016 822 quam
1041 738 1156 827 gignit,
1180 742 1330 825 quoniam

116 841 271 916 externis,
307 841 456 926 positivis
477 864 514 908 ac
546 842 712 907 historicis
747 854 876 907 constat
899 844 1099 918 rationibus,
1135 858 1327 924 externa,

116 948 310 1032 positiva
334 968 393 1012 seu
416 949 643 1022 historica,
667 949 719 1011 vel
747 947 843 1011 etiam
871 948 1167 1015 traditionalis
1192 952 1287 1017 audit.

197 1052 430 1118 Verumtamen
455 1054 486 1117 in
503 1053 780 1141 argumentatione
800 1064 936 1116 externa
956 1066 989 1118 et
1007 1055 1162 1120 historica
1186 1056 1328 1123 Theolo-

116 1158 168 1246 gia
193 1158 375 1244 dogmatica
405 1160 490 1223 haud
511 1158 698 1244 acquiescit,
722 1160 780 1223 scd
811 1158 925 1232 fidem,
957 1179 1050 1243 quam
1074 1182 1131 1244 per
1159 1161 1329 1230 scientiam

118 1276 285 1328 externam
307 1283 346 1327 ac
363 1264 555 1348 positivam,
578 1264 800 1328 rationabilem
821 1284 858 1329 ac
882 1265 1103 1328 necessariam
1125 1286 1200 1332 esse
1222 1281 1327 1335 osten·

117 1370 179 1445 dit,
211 1368 319 1432 firmat
349 1390 387 1435 ac
419 1369 559 1442 stabilit,
593 1389 656 1433 una
678 1390 737 1454 per
769 1354 992 1454 probationem
1025 1369 1073 1434 sic
1108 1371 1225 1436 dictam
1258 1396 1327 1459 spe·

117 1479 285 1545 culativam
303 1496 362 1540 seu
380 1475 633 1559 philosophicam
652 1477 692 1539 ad
714 1476 891 1549 scientiam,
915 1475 1074 1541 internam
1099 1477 1244 1554 scilicet,
1269 1502 1329 1547 seu

114 1605 226 1650 veram
243 1604 281 1649 ac
297 1581 471 1667 propriam,
497 1580 639 1644 evehere
655 1581 782 1667 satagit.
801 1580 885 1645 Hinc
903 1581 1063 1646 internam
1086 1582 1244 1647 rationem
1268 1607 1328 1649 seu

116 1689 345 1756 necessitatem
386 1685 586 1774 singularum
615 1686 846 1749 sententiarum
874 1678 1028 1774 indagat,
1058 1699 1154 1773 atque
1183 1702 1327 1757 mutuum

114 1797 287 1860 earundem
307 1812 425 1856 nexum
443 1790 608 1876 perquirit,
632 1813 727 1877 quum
744 1812 808 1855 rura
825 1790 917 1854 alteri
934 1804 1083 1879 tanquam
1108 1813 1226 1858 causae
1246 1815 1325 1860 suae

111 1899 201 1986 quasi
225 1898 406 1968 inhaereat,
430 1905 463 1958 et
487 1913 530 1957 ex
549 1893 601 1957 illa
625 1906 854 1980 consequatur,
878 1914 916 1958 ac
936 1897 984 1961 sic
1014 1898 1084 1962 illas
1107 1919 1149 1963 ex
1176 1920 1213 1962 se
1234 1900 1325 1985 ipsis,

113 2018 146 2071 et
164 2025 222 2091 per
242 2023 278 2066 se
297 2001 386 2085 ipsas
406 2020 504 2064 veras
532 2021 606 2064 esse
627 2003 835 2065 demonstrat.
858 2001 1085 2086 Philosophica
1104 2023 1162 2066 seu
1183 2007 1326 2088 specula·

110 2111 179 2174 tiva
200 2110 283 2173 haec
305 2107 492 2194 dogmatum
513 2104 724 2192 investigatio
747 2124 785 2169 ac
808 2105 1050 2181 demonstratio,
1074 2110 1221 2193 quamdiu
1242 2112 1327 2176 intra

98 2217 216 2299 justos
235 2212 418 2278 continetur
444 2210 581 2284 limites,
606 2210 847 2295 haudquaquam
866 2222 918 2274 est
936 2213 1135 2291 damnanda,
1164 2216 1237 2301 quin
1261 2217 1325 2281 imo

107 2321 237 2385 laudem
262 2328 414 2382 meretur.
438 2317 529 2380 Haec
556 2315 639 2379 enim
661 2315 779 2379 mentis
801 2327 934 2380 nostrae
958 2317 1082 2381 indoles
1102 2332 1169 2395 est,
1200 2333 1234 2385 ut
1255 2321 1326 2406 ipsa

107 2428 150 2490 ad
172 2425 362 2490 scrutandas
380 2443 490 2486 rerum
511 2443 626 2487 causas
648 2433 761 2506 suapte
782 2442 820 2487 ac
840 2423 1029 2487 necessario
1048 2425 1204 2502 trahatur,
1228 2439 1326 2513 atque

105 2531 239 2596 omnino
257 2531 341 2594 haud
358 2529 520 2614 quiescat,
545 2529 648 2592 donec
671 2525 843 2592 veritatem
861 2528 965 2612 ipsam
983 2524 1196 2618 intelligentia
1211 2552 1324 2616 appre-

104 2634 268 2700 henderit.
290 2635 427 2718 lnsuper
442 2629 656 2721 intelligentia
671 2633 753 2697 fides
777 2634 848 2718 ipsa
869 2634 1011 2699 innubis
1028 2649 1255 2720 promovetur,
1280 2650 1324 2702 at-

107 2762 171 2828 que
188 2738 353 2806 efficacior
377 2738 530 2803 redditur.
553 2737 688 2817 Quando
706 2738 792 2803 enim
812 2760 904 2803 mens
923 2753 1034 2804 nostra
1052 2741 1217 2828 perspicit,
1241 2764 1322 2828 quae

109 2846 231 2919 credit,
261 2845 366 2932 magis
385 2843 516 2909 veritati
544 2855 596 2907 est
617 2844 763 2920 addicta,
799 2857 831 2908 et
859 2845 992 2930 pronior
1015 2847 1055 2909 ad
1081 2846 1180 2910 vitam
1201 2847 1231 2912 ei
1251 2868 1324 2912 con·

109 2951 318 3026 formandam,
342 2971 435 3037 quam
457 2951 485 3015 si
505 2961 627 3015 tantum
646 2951 806 3035 captivam
831 2951 907 3016 fidei
931 2974 968 3017 se
991 2953 1151 3037 subjicere
1173 2966 1321 3019 coactam

110 3080 144 3123 se
166 3056 274 3122 sentit.
296 3057 347 3121 Ne
369 3068 476 3121 tamen
504 3056 705 3141 speculativa
722 3056 775 3120 illa
801 3058 987 3145 dogmatum
1013 3060 1224 3143 pertractatio
1251 3060 1323 3145 plus

110 3173 236 3238 noceat,
259 3181 352 3247 mam
369 3162 483 3246 prosit,
505 3183 664 3247 nunquam
680 3183 743 3226 non
759 3163 968 3228 obliviscatur
984 3164 1194 3252 Theologus,
1225 3165 1322 3230 fidem

109 3269 232 3334 initium
250 3286 290 3332 uc
306 3267 544 3331 fmrdamentum
564 3267 730 3345 scientiae,
753 3268 799 3332 uti
821 3269 933 3334 salutis
961 3281 1110 3345 nostrae,
1134 3290 1218 3333 esse.
1241 3270 1318 3333 Pro·

110 3389 223 3462 pterea
242 3372 419 3458 speculatio
440 3393 459 3437 a
480 3373 632 3460 dogmate
651 3394 709 3439 seu
723 3375 787 3439 lide
806 3374 957 3439 divinitus
982 3376 1056 3439 data
1075 3375 1249 3459 procedat,
1279 3376 1318 3439 ad

108 3479 193 3544 illam
214 3497 343 3562 semper
359 3477 525 3563 respiciat,
549 3490 582 3542 et
605 3479 694 3543 velut
718 3500 864 3546 normam
882 3480 1056 3544 inflexilem
1078 3480 1320 3566 disquisitiones

109 3606 184 3651 suas
214 3583 342 3670 exigat,
371 3581 501 3647 minime
534 3595 641 3647 autem
670 3605 741 3649 eam
775 3586 815 3648 ad
843 3586 942 3651 hasce
970 3589 1164 3673 detorquere
1194 3588 1319 3652 audeat.

107 3691 189 3756 Nam
218 3709 280 3753 non
305 3688 345 3751 de
372 3708 408 3752 eo
431 3686 555 3775 agitur,
578 3701 633 3753 aut
660 3690 715 3777 agi
738 3703 866 3775 potest,
889 3692 963 3778 quid
993 3692 1103 3756 forsan
1126 3713 1241 3756 verum
1266 3705 1321 3757 aut

107 3797 286 3862 revelatum
304 3813 379 3858 csse
395 3805 501 3879 queat,
524 3794 583 3857 sed
602 3794 642 3857 de
661 3814 700 3858 eo
718 3807 852 3871 tantum,
875 3808 911 3859 ut
926 3796 1049 3861 veritas
1069 3817 1128 3883 per
1148 3797 1318 3862 revelatio-

107 3925 181 3970 nem
210 3911 345 3987 accepta
376 3899 493 3964 rationi
525 3900 630 3989 magis
663 3901 776 3986 pervia
807 3903 972 3971 reddatur.
1002 3904 1108 3968 Porro
1141 3903 1318 3988 speculatio

106 4011 349 4095 haudquaquam
371 4006 404 4070 id
426 4005 488 4070 sibi
506 4006 708 4093 propositum
730 4019 849 4086 teneat,
875 4020 911 4073 ut
931 4010 1027 4075 fidem
1058 4022 1238 4087 semoveat,
1262 4022 1317 4076 aut

108 4115 301 4203 superfluam
319 4110 446 4187 efficiat,
469 4111 528 4176 sed
547 4112 652 4197 potius
671 4113 703 4178 in
732 4113 763 4178 id
785 4114 942 4189 enitatur,
972 4127 1007 4179 ut
1027 4115 1113 4179 illam
1137 4114 1316 4194 confirmet,

107 4224 239 4308 ejusque
269 4218 302 4282 in
327 4218 426 4283 vitam
456 4228 601 4283 nostram
629 4218 805 4285 efficaciam
834 4232 968 4310 augeat,
1001 4220 1096 4306 idque
1127 4242 1166 4286 co
1196 4222 1315 4310 magis,

107 4327 254 4414 quoniam
271 4324 394 4391 veritas
410 4325 675 4410 supernaturalis,
699 4339 795 4412 prout
810 4327 966 4392 aratione
985 4328 1122 4392 humana
1139 4349 1201 4392 non
1213 4327 1315 4412 potuit

106 4431 252 4510 inveniri,
275 4431 371 4498 etiam
398 4455 461 4498 non
493 4432 587 4519 plene
615 4452 654 4497 ac
681 4433 844 4517 perfecte,
876 4434 934 4498 sed
963 4435 1118 4498 duntaxat
1143 4433 1312 4521 appropin-

107 4541 230 4628 quando
252 4550 362 4627 potest
382 4538 628 4625 comprehendi,
649 4538 694 4604 ita
715 4550 769 4616 ut,
793 4539 940 4625 quamdiu
964 4538 994 4604 in
1013 4541 1117 4606 hocce
1139 4560 1308 4627 praepare·

1052 4644 1070 4708 1
1097 4648 1111 4678 ι
