2926 5168
54 330 135 418 Agit
155 338 269 396 auctor
292 330 324 395 in
348 329 409 396 hoc
433 347 533 415 opere
565 329 702 415 primum
725 332 764 397 ds
790 332 852 397 SS.
872 332 1053 408 Trinitsts,
1076 333 1190 399 deindo
1219 337 1258 400 de

54 434 220 501 creatione
246 433 355 500 mundi
373 446 405 500 et
425 437 495 520 ejus
512 437 743 524 gubernatione
758 460 816 524 per
842 438 948 503 Deum
968 459 1063 504 unum
1082 439 1205 504 veteris
1229 452 1262 505 et

55 540 133 606 novi
148 540 370 616 Testamenti,
402 553 467 605 tum
495 542 535 606 de
554 542 775 609 lncarnatione
792 546 875 608 Jesu
896 543 1019 608 Christi
1035 544 1122 608 etde
1136 543 1261 630 Spiritu

56 646 106 720 S,
129 645 180 732 qui
196 646 282 711 idem
301 647 415 712 tamin
430 649 547 732 Moyse
569 660 601 712 et
615 649 802 735 Prophetis,
824 669 918 735 quam
932 648 963 713 in
982 649 1151 734 Apostolis
1173 650 1259 715 locu·

56 762 111 815 tus
129 751 189 826 sit3
210 774 308 838 porro
325 754 365 817 de
384 752 508 827 anima,
531 759 792 829 resurrectione,
815 752 928 841 poenis
941 764 974 817 et
986 753 1139 836 praemiis
1157 765 1260 820 aeter·

56 856 130 931 nis;
156 858 196 921 de
219 857 322 923 libero
342 856 493 933 arbitrio,
516 857 643 923 diaholo
670 861 880 933 adversante,
911 859 1028 922 mundo
1062 861 1262 945 corruptioni

56 961 215 1037 ohnoxio,
237 963 372 1047 ejusque
387 961 683 1032 consummatione:
703 974 871 1048 postremo
888 963 927 1025 de
941 963 974 1026 S.
985 962 1163 1047 Scriptura,
1179 966 1262 1049 ejus·

57 1087 121 1152 que
137 1065 245 1132 divina
261 1066 453 1131 auctoritate
470 1077 502 1130 et
520 1067 649 1154 legendi
662 1067 797 1132 ratione.
818 1067 873 1131 lix
891 1067 1004 1152 quibus
1027 1066 1121 1132 iacile
1140 1088 1259 1156 cogno·

58 1171 179 1247 scitur,
201 1172 242 1236 ab
258 1171 402 1258 Origene
411 1171 538 1236 nonnisi
555 1171 606 1236 hic
623 1183 768 1255 systema
776 1173 870 1237 valde
887 1171 1109 1261 imperfectum
1119 1175 1263 1259 proponi.

56 1278 195 1363 insuper
210 1288 325 1342 auctor
345 1276 442 1364 genio
457 1298 517 1340 suo
531 1276 658 1341 nimium
679 1277 858 1366 indulgens,
884 1278 958 1341 dum
975 1277 1154 1344 doctrinam
1173 1277 1263 1343 Chri·

59 1381 200 1447 stianam
217 1380 440 1467 philosophiae
457 1381 622 1466 principiis
645 1383 893 1448 adcommodare
919 1383 1088 1459 studebat,
1118 1383 1263 1469 pluribus

62 1485 483 1552 seseirretiviterrorihus.
507 1523 544 1534 -
576 1484 733 1570 cyrilli
764 1486 1165 1570 Hierosolymitani
1197 1489 1264 1552 Os·

65 1595 207 1656 rectem
223 1593 350 1655 XVIII
368 1600 411 1654 ad
423 1595 673 1666 IIIuminondos,
695 1611 753 1656 seu
767 1589 1025 1656 catechumenos
1041 1600 1080 1668 ¹),
1101 1590 1134 1654 in
1151 1591 1264 1677 quibus

62 1696 198 1782 primunr
217 1698 256 1762 de
269 1707 420 1782 peccato,
443 1695 556 1760 deinde
574 1697 614 1760 de
630 1694 806 1788 'Baptismo
834 1695 1022 1771 disseritur,
1051 1707 1118 1761 tum
1143 1696 1263 1780 praeci·

61 1823 125 1890 pua
142 1801 219 1868 fidei
233 1807 339 1888 capita
353 1812 455 1887 atque·
469 1821 584 1866 omnes
603 1791 727 1866 articuli
747 1799 892 1883 symboli
906 1799 1196 1884 Hierosolymitani
1207 1820 1261 1865 ex-

61 1918 233 1994 ponuntur.
262 1944 304 1956 -
338 1905 568 1993 Augustini
604 1907 814 1968 Mechiridr'ors
854 1908 899 1967 ori
923 1905 1156 1987 Laurentium,
1204 1927 1264 1968 seu

63 2013 113 2076 llo
137 2015 225 2094 fide,
245 2032 303 2092 sps
324 2018 354 2072 st
374 2013 537 2073 charitate.
568 2011 664 2092 Cujus
689 2008 803 2073 libriin
818 2015 922 2094 prima
945 2021 978 2073 et
1007 2010 1149 2075 maxima
1173 2022 1265 2094 parte

62 2117 285 2204 Augustinus,
307 2134 389 2199 quae
406 2114 566 2179 credenda
590 2113 674 2189 sint,
698 2114 812 2189 docet,
851 2125 984 2180 servato
1011 2115 1156 2200 symboli
1182 2114 1266 2179 ordi·

63 2240 120 2296 ne,
141 2239 182 2286 ac
198 2218 307 2283 varias
324 2218 477 2283 haereses
491 2217 774 2292 Manichaeorum,
794 2219 1115 2302 Apollinaristarum,
1137 2218 1267 2284 Priscil-

63 2324 283 2399 hamstm,
304 2323 514 2398 Arianornm,
537 2329 775 2408 praecipueque
790 2321 1057 2411 Pelagianorum,
1088 2323 1187 2389 tacito
1213 2343 1266 2389 eo·

64 2452 138 2496 rum
156 2429 305 2504 nomine,
328 2428 450 2513 passim
464 2426 600 2513 refelli13
623 2429 796 2493 secundam
822 2441 947 2512 partem
971 2431 1011 2493 de
1037 2428 1095 2504 iis,
1124 2448 1205 2513 quae
1227 2429 1267 2492 ad

65 2556 159 2621 spem
179 2540 357 2617 pertinent,
378 2533 410 2597 in
425 2533 603 2598 dominicae
618 2533 776 2598 orationis
793 2533 996 2619 expositione
1022 2553 1114 2618 quam
1144 2532 1267 2597 brevis·

62 2643 148 2707 sima
164 2638 335 2725 impendit;
357 2638 484 2702 tertiam
503 2647 686 2723 postremo,
709 2658 769 2702 nec
788 2658 858 2703 eam
874 2639 1032 2722 prolixam
1060 2638 1205 2725 adjungit
1228 2639 1267 2702 de

63 2745 246 2813 charitate.
267 2745 341 2808 Huc
356 2742 589 2829 quodammodo
607 2741 704 2805 etiam
719 2743 836 2808 reterri
852 2754 987 2827 possunt
1006 2743 1149 2826 ejusdem
1174 2745 1268 2806 Libri

58 2853 124 2917 IV
138 2861 179 2915 ds
198 2850 264 2932 fids*
291 2850 475 2912 Christiana
493 2855 534 2922 ²),
555 2846 631 2911 licet
654 2867 775 2932 scopus
797 2849 970 2911 eorundem
989 2847 1096 2932 potius
1124 2849 1269 2936 exegeti-

56 2977 124 3022 cus
137 2974 198 3018 seu
217 2951 478 3017 hermeneuticus
495 2951 547 3016 sit
570 2951 744 3027 Ordinem,
767 2972 829 3037 quo
839 2951 891 3016 hic
899 2952 933 3014 S.
941 2957 1036 3016 Pater
1052 2950 1191 3016 divinam
1213 2971 1267 3015 ex·

55 3059 159 3150 ponit
174 3057 370 3132 doctrinam,
402 3055 547 3142 sequitur
568 3055 683 3121 deinde
698 3056 817 3121 Petrus
834 3056 1038 3120 Lombardus
1054 3055 1086 3119 in
1103 3057 1170 3120 suis
1187 3057 1268 3121 Sen-

57 3165 246 3232 tentiarum
267 3163 367 3227 libris.
398 3199 435 3209 —
473 3160 682 3227 Gennadii
715 3160 948 3234 Massiliensis,
977 3162 1027 3223 Ile
1047 3167 1270 3224 ecclesiasticis

55 3271 270 3350 ‹toqmatttm
284 3276 325 3345 ⁸),
347 3288 408 3352 quo
426 3267 579 3353 dogmata
591 3267 765 3333 Ecclesiae
777 3268 936 3331 adversus
953 3264 1136 3329 haereticos
1150 3263 1270 3330 stabili·

46 3385 95 3441 ta
113 3382 351 3448 recensentur,
372 3372 458 3437 nullo
480 3381 588 3435 tamen
616 3391 702 3435 nexu
734 3370 900 3458 colligata,
928 3370 1192 3455 quemadmodum
1219 3391 1270 3454 sy·

46 3475 221 3545 sternatis
230 3475 312 3561 justi
324 3474 483 3565 efflagitat
497 3473 589 3539 ratio.
615 3511 651 3522 —
675 3475 822 3539 Junilii
852 3472 1071 3549 Africani,
1099 3478 1150 3538 Ile
1164 3481 1270 3556 parti-

40 3587 128 3649 bus
144 3586 270 3645 Meae
284 3584 363 3663 lepis
377 3584 449 3647 libri
466 3583 527 3642 duo
537 3571 579 3654 74),
602 3599 735 3664 quorum
752 3578 874 3666 primus
898 3580 938 3642 de
963 3580 997 3643 S.
1021 3579 1206 3667 Scriptura,
1228 3581 1271 3645 al·

39 3697 119 3756 ter
139 3688 181 3752 de
197 3684 342 3760 doctrina
353 3684 460 3749 divina
475 3683 552 3771 agit.
575 3684 706 3750 Haecce
722 3683 872 3748 dividitur
887 3683 919 3747 in
936 3684 1115 3750 doctrinam
1136 3686 1176 3748 de
1184 3684 1268 3760 Deo,

39 3795 107 3860 de
159 3792 275 3856 mundo
309 3787 490 3874 praesenti,
529 3788 630 3852 etde
664 3789 780 3862 mundo
815 3789 930 3854 futuro.
975 3827 1011 3838 —
1055 3788 1273 3878 Fulgentii

38 3895 336 3983 Ruspensis,
357 3897 407 3960 Ile
417 3898 503 3976 fids,
525 3916 582 3957 seu
598 3897 759 3973 derepulo
775 3899 951 3978 oeroefldei
966 3903 1003 3971 Ι).
1026 3895 1063 3957 ln
1084 3915 1147 3983 quo
1173 3912 1272 3978 opere

108 4172 132 4236 ι)
151 4172 220 4239 ⁰rr·
237 4185 266 4238 r·
286 4170 393 4222 1—302·

108 4257 133 4329 ²)
151 4261 222 4328 opp.
235 4260 269 4314 ⁹1⁸.
284 4260 310 4310 3.
323 4259 356 4313 Ρ.
374 4261 398 4312 1.
414 4272 440 4313 ο.
457 4260 550 4313 1-92.

111 4347 134 4419 ³)
152 4350 194 4406 tt.
208 4354 241 4404 Τ.
254 4354 280 4402 8.
296 4347 423 4416 append.
439 4361 466 4400 e.
484 4351 594 4402 76-80.

111 4439 136 4507 t)
152 4442 183 4492 ln
202 4438 528 4493 Gallsnd.-Blhlloth.
544 4438 602 4493 Pr.
621 4438 655 4493 ¹1¹.
674 4441 751 4504 1201).
764 4438 875 4492 st-ee
958 4440 961 4444 ⁴

115 4524 139 4592 6)
156 4529 224 4598 opp.
237 4543 267 4596 p.
284 4529 430 4583 ooo-⁸³3.
