2926 5168
152 364 227 423 Oba
238 384 254 423 e
265 381 316 422 rv.
336 364 366 428 2.
384 363 679 422 Rerumcreatarom
694 359 842 437 sapientia
859 357 960 417 divina
978 366 1035 428 est,
1053 369 1084 419 ut
1102 379 1195 439 supra
1208 359 1274 435 jaan

102 470 317 538 vservavlmus,
340 487 432 529 eausa
453 468 636 544 exemplaris
657 474 687 525 et
707 465 865 543 dirigens,
888 464 1030 522 voluntas
1052 464 1153 524 divium
1175 473 1274 525 autern

102 595 161 637 ¹usa
181 577 317 637 efficiens
341 571 375 656 ¹).

150 680 312 743 observ.
334 679 363 743 a
384 679 549 749 Adfectus,
582 695 637 737 seu
658 677 901 737 vehementiores
924 678 1142 739 commotiones
1164 679 1275 739 mentis

102 797 262 849 onseuntes
284 788 314 844 in
336 786 413 844 hono
436 784 603 863 oppetendo
625 793 675 842 aut
697 783 776 843 malo
799 781 988 852 aversando,
1018 801 1072 861 quer
1104 785 1274 867 sousaalem

104 893 262 971 piditatem
285 892 454 959 excitatae,
486 891 515 947 in
544 891 610 947 Deo
639 887 865 965 haudquaquam
893 887 977 957 dari.
1011 906 1049 949 ex
1070 887 1189 951 infinita
1210 887 1275 962 ejus

103 997 253 1057 electione
285 1003 393 1072 sponte
415 1013 470 1054 sua
494 997 695 1073 intelligitur;
717 1013 808 1071 quum
830 995 1034 1064 sensualitas,
1054 1012 1130 1075 quae
1152 995 1273 1055 nonnisi

102 1103 192 1172 omini,
215 1121 253 1161 ex
275 1103 375 1161 anima
397 1109 428 1160 et
450 1119 579 1179 corpore
598 1101 760 1168 constanti,
783 1107 831 1161 est
852 1100 987 1179 propria,
1009 1101 1039 1159 ia
1063 1119 1098 1159 eo
1120 1101 1204 1165 nulla
1223 1102 1276 1175 sit,

120 1208 212 1267 etiam
235 1206 417 1265 desiderium
439 1203 596 1264 felicitatis
620 1203 772 1281 augendae
794 1204 825 1263 iu
847 1204 924 1281 ipso,
949 1210 1050 1281 utpote
1075 1213 1145 1265 ente
1166 1205 1275 1271 boalia·

102 1330 156 1380 no,
177 1313 277 1370 locum
298 1309 412 1371 habere
433 1317 568 1387 nequeat.
601 1308 771 1367 Veritatem
793 1304 951 1366 haneuou
973 1313 1090 1369 tantum
1111 1307 1223 1371 durlaci
1247 1317 1278 1369 et

102 1417 256 1484 tristiani,
287 1415 426 1475 connnuo
456 1412 589 1492 professi
621 1421 712 1484 aunt,
735 1410 789 1469 sed
821 1420 852 1470 et
883 1410 1016 1489 gentiles
1048 1409 1219 1493 philosophi
1250 1411 1276 1492 ν)

105 1520 336 1580 noveruntss.
352 1514 532 1579 Patresnon
555 1518 654 1577 minus
671 1518 797 1595 egregie
819 1517 978 1575 affectuum
1003 1517 1147 1577 tumultus
1170 1535 1188 1576 a
1209 1513 1276 1579 Deo

102 1635 226 1687 movent
249 1626 286 1703 ³).
310 1624 495 1685 Nominatim
518 1625 673 1700 eleganter
695 1622 957 1699 Augustinus
979 1623 1039 1681 att:
1058 1618 1186 1693 Amos,
1216 1639 1277 1683 nee

102 1735 218 1804 stum
240 1729 339 1799 zelos,
357 1732 389 1788 et
402 1744 538 1789 asserus
559 1744 615 1806 ιε)
634 1729 772 1803 possim
790 1734 834 1803 te,
852 1732 886 1786 et
904 1743 969 1787 noa
985 1725 1095 1805 dolea,·
1114 1727 1277 1797 irasceris,

113 1832 314 1913 tranquillus
335 1850 390 1910 σε)
413 1849 509 1907 opero
529 1835 644 1903 matos,
666 1834 848 1891 neomutus
865 1828 1033 1891 romuliam
1051 1831 1096 1911 ⁴).
1118 1835 1277 1895 Laetan-

102 1957 148 1999 us
173 1948 287 2014 tamen,
309 1946 341 1996 ut
362 1940 430 1995 Deo
452 1938 638 1996 volunlatem
651 1945 778 2013 peecata
792 1935 932 2013 puniendi
954 1935 1097 2007 vindieat,
1119 1939 1179 2015 ipsi
1200 1941 1277 2001 iram

102 2044 256 2103 buendam
280 2060 359 2110 esse,
383 2040 545 2100 ostendere
567 2050 694 2100 cenatur
717 2045 755 2112 ὅ).
776 2043 874 2117 Atque
891 2041 980 2100 etiam
998 2042 1277 2107 Tertullianus

102 2147 416 2224 tumet,1)eumsine
439 2148 485 2205 ira
508 2165 577 2206 esse
599 2148 728 2205 inertem
753 2155 782 2206 et
804 2147 951 2208 inermem
968 2142 1096 2231 Epicuri
1117 2151 1216 2215 Deum
1240 2150 1277 2225 ⁸).

102 2255 242 2315 cautiori
266 2272 340 2313 aevo
365 2253 520 2313 Soeiuiani
544 2252 681 2311 adfectus
702 2254 768 2311 Deo
792 2260 899 2311 eontra
926 2252 1138 2313 austeritatem
1161 2256 1276 2317 revela·

102 2362 160 2421 nis
185 2345 214 2419 et
236 2358 397 2418 dictamina
419 2376 512 2417 sanae
533 2358 663 2416 rationis
686 2356 862 2415 adscribunt
885 2356 923 2431 ⁷).
956 2354 1069 2431 Quodsi
1092 2375 1168 2437 ergo
1190 2359 1221 2419 in
1244 2358 1277 2419 S.

102 2466 246 2543 riutura,
273 2482 348 2541 quae
379 2481 413 2522 se
440 2462 569 2521 humano
600 2460 753 2539 cogitandi
783 2461 870 2520 medo
893 2460 1119 2531 adcommodat,
1141 2460 1278 2527 adlectus

105 2590 129 2631 o
154 2569 346 2628 tribuuntur:
364 2586 421 2626 uon
437 2576 507 2626 suut
529 2567 676 2635 adlectus,
699 2568 803 2645 quales
825 2567 939 2644 nostri3
963 2565 1143 2627 sedtantum
1166 2568 1276 2647 aliquid

102 2674 235 2735 r'eotibos
258 2672 396 2731 humanis
419 2673 528 2741 simile,
551 2674 617 2732 Deo
641 2673 763 2749 dignum
787 2680 816 2729 et
840 2672 1036 2743 couveniens,
1061 2689 1168 2751 nempe
1189 2671 1276 2752 adpe-

102 2797 192 2843 ones
214 2786 246 2839 et
268 2779 487 2845 aversationes,
511 2778 622 2836 nullam
640 2777 872 2837 commotionem
889 2795 924 2836 ae
947 2777 1186 2839 immutationem
1208 2795 1277 2837 een·

102 2893 200 2947 comm
222 2883 381 2951 habentes,
404 2881 588 2959 significant.
611 2882 663 2940 Sia
685 2900 790 2941 amor
811 2883 868 2942 Dei
893 2900 967 2963 erga
983 2881 1122 2945 homines
1139 2882 1279 2963 designat

102 2990 188 3051 anisi
211 2989 322 3047 seriam
346 2986 411 3061 ejus
432 2988 617 3047 voluntatem
640 2985 858 3065 perfectionem
882 3005 916 3044 ae
940 2986 1116 3049 felicitatem
1139 2995 1277 3049 saeuam

102 3092 288 3170 amovendi3
320 3090 467 3149 odium
500 3107 535 3148 ae
569 3085 756 3149 tristitia
784 3085 897 3148 seriam
930 3092 1001 3149 mali
1034 3093 1278 3162 aversatioueu13

102 3216 187 3259 mor
209 3198 393 3256 voluntatem
424 3197 533 3253 malum
558 3196 684 3255 anobis
708 3194 882 3277 avertendi3
911 3197 974 3256 ira
1004 3198 1187 3263 voluntatens
1209 3217 1277 3276 pee-

104 3324 130 3364 a
154 3301 317 3381 puniendi3
338 3301 541 3376 zelotypia
563 3302 747 3359 voluntalem
776 3301 889 3359 nemini
918 3301 1106 3379 gloriantes
1128 3300 1274 3371 honorem

102 3412 199 3470 ’inum
221 3405 327 3475 dandi,
361 3414 390 3463 et
413 3405 539 3465 eundem
561 3404 736 3477 invadentes
760 3423 867 3465 severe
888 3405 1030 3483 puniendi
1038 3423 1048 3474 3
1070 3408 1276 3487 poeniteu-

102 3535 116 3574 a
149 3512 336 3570 voluntatem
366 3530 431 3569 rem
463 3512 601 3573 consiliis
631 3511 742 3570 divinis
775 3510 988 3571 adversantem
1020 3511 1196 3571 immutandi
1227 3520 1279 3568 aut

102 3616 261 3685 struendi;
283 3616 449 3677 laetitia
471 3616 726 3695 acquiescentium
744 3615 1032 3693 imperfectionibus
1053 3610 1199 3682 infinitis3
1222 3625 1278 3675 etc.

1042 3712 1056 3739 0

102 3853 312 3873 ρ*

102 3956 124 4021 l)
144 3956 236 4019 Apoo.
254 3955 280 4014 1,
302 3956 343 4005 11.

102 4041 123 4107 Ι)
147 4043 191 4097 ct.
208 4044 313 4095 siuet.
330 4048 426 4109 (lones.
446 4046 534 4094 Alaea
553 4048 574 4094 1.
594 4046 622 4094 2.
641 4059 666 4095 c.
687 4048 715 4095 2.
736 4060 762 4095 a.
783 4048 832 4094 10.
852 4043 925 4093 Van.
946 4044 1020 4095 1761.
1040 4056 1067 4111 ρ.
1085 4047 1130 4095 63.

102 4130 187 4198 ι)()1.
212 4128 380 4186 souru'el.
405 4135 483 4183 cars.
512 4136 591 4183 smel.
616 4138 659 4185 De
677 4137 714 4185 11.
739 4142 765 4185 et
788 4143 850 4185 tatto.
877 4136 933 4183 dle.
958 4150 984 4196 q.
1011 4138 1061 4187 18.
1086 4135 1148 4187 Col.
1165 4136 1279 4201 agripp.

102 4223 199 4277 aas.
220 4224 419 4287 1.).21811.

102 4311 129 4374 ⁶)
149 4314 227 4371 Gaas.
245 4315 265 4363 1.
285 4316 314 4364 1.
333 4326 358 4362 ο.
378 4315 408 4363 4.
427 4310 495 4377 opp.
514 4311 547 4365 Τ.
568 4314 592 4363 1.
611 4324 635 4361 o.
653 4313 697 4362 71.

102 4395 128 4463 ⁶)
147 4405 188 4452 lte
206 4404 248 4450 ire
269 4404 303 4452 D.
323 4399 395 4464 Opp.
415 4400 447 4450 T.
465 4401 491 4451 2.
507 4414 535 4465 p.
555 4399 602 4450 127
621 4413 662 4456 ss.

103 4482 128 4554 ⁶)
147 4493 219 4540 aare.
238 4490 373 4540 illorcion.
392 4504 419 4540 o.
440 4493 488 4541 16.
505 4487 575 4554 Opq.
592 4488 626 4538 V.
642 4490 665 4538 2.
683 4503 710 4554 p.
728 4490 776 4539 tel
793 4503 819 4541 s.

106 4576 193 4642 7)111.
211 4573 463 4650 iliaumqostan,
481 4575 625 4644 dataolud).
645 4576 721 4644 titel.
738 4556 945 4646 &ttritiaisitm
966 4582 990 4634 1.
1008 4573 1047 4632 s.
1065 4592 1094 4644 p.
1119 4579 1179 4631 tes.
