2926 5168
190 238 265 303 too

203 401 259 453 uat
280 402 313 452 et
345 389 385 453 ad
417 389 500 451 fines
532 409 610 451 suos
644 387 768 476 dirigit,
792 409 851 452 seu
879 390 1258 455 conservationem
1289 403 1323 456 et
1350 413 1413 479 gu·

202 492 491 558 bernationem
514 493 663 559 muudi.
686 493 893 580 Quapropter
914 495 1006 580 prius
1028 496 1067 558 de
1089 495 1155 578 illa,
1177 507 1211 560 et
1235 496 1352 561 deinde
1375 498 1414 561 de

202 600 264 663 hac
287 598 495 662 disseremus.

286 702 443 767 Doctrina
476 705 516 767 de
548 701 655 767 divina
686 709 936 769 conservatione
978 715 1013 768 et
1041 706 1277 792 gubernatione
1309 705 1415 769 mundi

203 830 262 872 seu
283 807 487 894 providentia
515 807 600 873 iuter
623 807 836 895 gravissimas
857 809 1027 896 religionis
1059 811 1263 876 Christianae
1287 823 1414 876 senten·

202 914 265 978 tias
287 921 436 978 refertur.
467 913 645 977 Persuasio
680 914 764 978 enim
798 916 837 978 de
873 914 980 978 divina
1009 915 1213 999 providentia
1242 937 1345 980 verae
1366 937 1415 981 sa·

202 1020 341 1104 pientiae
364 1039 402 1084 ac
423 1018 555 1103 pietatis
577 1018 816 1084 fundamentum
839 1034 872 1084 et
888 1020 977 1084 basis
1001 1032 1060 1084 est.
1083 1022 1166 1085 Nam
1181 1021 1252 1105 ipsa
1276 1021 1416 1087 animum

203 1132 233 1189 in
256 1127 356 1190 rebus
380 1124 529 1189 adversis
558 1124 676 1189 sortem
704 1146 743 1191 ac
774 1125 980 1211 tranquillum
1014 1125 1137 1200 reddit,
1167 1146 1259 1210 spem
1293 1140 1415 1192 certam

203 1230 312 1294 auxilii
334 1229 432 1295 divini
464 1241 560 1315 atque
589 1229 733 1293 laetioris
767 1229 996 1315 laustiorisque
1028 1229 1128 1295 sortis
1154 1229 1185 1294 iu
1215 1231 1324 1295 lutura
1353 1232 1417 1296 vita

203 1337 444 1420 exspectandae
467 1334 590 1399 excitat
612 1354 650 1399 ac
673 1332 778 1408 iovet,
803 1335 973 1419 studioque
1006 1334 1135 1399 virtutis
1168 1355 1207 1398 ac
1235 1336 1416 1401 honestatis

203 1440 418 1505 constantiam
441 1451 474 1503 et
496 1439 696 1504 alacritatem
720 1438 814 1504 addit.
841 1439 933 1505 Unde
954 1440 1128 1524 praecipue
1150 1441 1274 1504 uostris
1297 1453 1416 1522 tempo·

203 1542 293 1609 ribus
325 1567 419 1631 quam
449 1545 589 1609 maxime
621 1545 841 1610 confirmanda
868 1557 921 1609 est
953 1557 1049 1631 atque
1083 1545 1265 1621 excitanda,
1301 1546 1416 1630 partim

205 1649 278 1733 quia
307 1650 347 1714 ab
378 1650 576 1715 adversariis
608 1649 728 1716 acriter
757 1651 983 1738 impugnatur,
1012 1649 1129 1735 partim
1160 1655 1309 1735 quoniam
1339 1649 1417 1736 ipsis

203 1755 535 1840 rerumpublicarum
558 1766 591 1819 et
616 1755 815 1840 privatarum
837 1754 1114 1819 vicissitudinibus
1137 1765 1170 1818 et
1198 1756 1415 1820 conversioni-

204 1858 317 1921 busin
340 1860 417 1923 orbe
439 1872 600 1926 terrarum
622 1859 717 1925 factis
739 1859 821 1924 fides
844 1859 876 1923 in
898 1858 963 1923 Dei
984 1859 1223 1944 providentiam
1252 1860 1288 1925 in
1311 1861 1415 1925 multis

205 1983 366 2028 concussa
388 1984 426 2027 ac
449 1964 611 2030 debilitata
633 1985 709 2029 esse
733 1965 868 2029 videtur.
910 1950 912 1957 '

288 2069 450 2132 Observ.
473 2076 506 2131 ln
521 2074 583 2137 SS.
598 2076 772 2134 Litteris
788 2070 967 2134 vocabulum
983 2073 1196 2152 providentia,
1219 2074 1269 2134 cui
1286 2075 1413 2134 Graeco-

206 2196 272 2236 rum
289 2171 414 2254 πρόνοια
430 2180 604 2256 respondet,
623 2181 658 2240 de
674 2198 860 2240 curararum
876 2180 1101 2238 divinatantum
1119 2180 1149 2237 in
1166 2179 1245 2237 libro
1262 2180 1413 2256 Sapien-

206 2284 292 2341 tiae
313 2281 363 2353 llt,
385 2283 451 2346 3et
477 2281 526 2356 17,
548 2287 676 2363 ‘datque
698 2281 782 2344 Iloel.
798 2284 829 2353 5,
851 2286 882 2348 5.
906 2287 1058 2355 occurrit3
1081 2283 1206 2343 eandem
1228 2292 1332 2344 tamen
1354 2304 1411 2343 ren

207 2389 397 2465 significant:
418 2383 435 2446 ὁ
458 2381 556 2447 πάντα
576 2389 702 2469 ἐφορῶν,
727 2389 781 2469 qui
801 2389 956 2449 uniuersa
971 2389 1127 2464 conspicit
1143 2394 1191 2463 ¹),
1216 2397 1247 2449 et
1263 2389 1411 2464 ejusmodi.

589 2560 617 2629 s.
640 2553 702 2621 11.
727 2550 1037 2622 conservatio.

290 2705 401 2770 Prima
420 2725 501 2792 ergo
528 2704 619 2790 quasi
645 2727 721 2791 pars
746 2705 969 2792 providentiae
987 2705 1113 2769 divinae
1133 2717 1184 2770 est
1205 2705 1316 2770 mundi
1338 2727 1409 2770 con·

208 2812 507 2887 servatio,.snb
526 2833 589 2898 qua
613 2833 657 2876 ex
676 2824 782 2877 mente
806 2813 977 2877 Ecclesiae
999 2812 1187 2878 Catholicae
1210 2812 1409 2897 intelligimus

209 2942 295 2984 eam
327 2920 402 2984 Dei
433 2919 732 3004 omnipotentis
765 2919 973 2984 actionem
1005 2917 1190 2992 liberam,
1225 2921 1273 2984 ad
1298 2928 1408 2983 extra

209 3039 510 3098 transeuntem,
534 3046 611 3110 qua
633 3024 695 3100 tit,
718 3036 760 3088 ut
780 3045 850 3088 res
872 3037 1043 3090 creatae
1066 3046 1204 3089 omnes
1228 3036 1269 3089 et
1291 3023 1407 3111 singu·

209 3133 286 3206 lae,
308 3133 327 3195 i.
351 3153 378 3196 e.
401 3143 481 3196 tum
503 3142 712 3217 quatenus
745 3152 885 3196 secum
918 3151 1135 3197 connexae
1163 3142 1303 3195 totum
1335 3149 1405 3194 con·

209 3238 402 3312 stituunt,
425 3249 506 3301 tum
528 3246 740 3322 quatenus
763 3256 839 3299 ceu
860 3235 1082 3300 individua
1104 3236 1357 3308 subsistunt,
1377 3242 1406 3295 et

209 3342 367 3428 quidem
390 3355 472 3407 tam
495 3343 629 3427 quoad
650 3342 956 3425 substantiam,
991 3363 1105 3427 quam
1138 3341 1274 3427 quoad
1303 3341 1404 3404 vires

210 3469 306 3513 suas
330 3469 429 3512 esse
453 3458 655 3534 pergant,
679 3467 895 3533 quousque
925 3469 1003 3532 pro
1026 3447 1257 3511 earundem
1280 3457 1403 3510 natura

210 3565 333 3639 atque
356 3555 401 3618 ad
423 3550 664 3616 universum
687 3552 915 3626 relatione,
939 3573 1016 3617 seu
1037 3550 1239 3618 consiliis
1264 3549 1402 3636 sapien·

210 3659 294 3723 tiae
318 3658 486 3723 divinae
510 3655 768 3722 conveniens
792 3655 932 3721 luerit.

294 3764 360 3827 Per
387 3764 510 3827 hancce
542 3765 649 3848 itaque
682 3760 846 3826 notionem
872 3760 1131 3826 conservationis
1156 3760 1267 3825 mundi
1296 3758 1399 3825 divinat

212 3868 414 3934 excludimus
443 3889 570 3934 omnem
598 3888 743 3932 casum
765 3868 998 3948 fortuitum,
1030 3865 1306 3951 cuillpicurei
1326 3869 1399 3950 prout

213 3975 392 4061 originem,
419 3972 464 4038 ita
491 3985 523 4037 et
542 3973 840 4055 perseverationem
866 3972 975 4037 mundi
991 3971 1184 4037 tribuebant.
1208 3972 1290 4037 cum
1307 3967 1398 4054 Epicu·

213 4080 281 4143 reis
303 4081 408 4164 quoad
431 4079 713 4144 conservationem
736 4093 831 4166 atque
857 4076 1125 4166 gubernationem
1157 4075 1267 4140 mundi
1298 4069 1398 4138 sentire

213 4207 276 4249 non
293 4185 445 4250 dedecori
463 4184 526 4251 sibi
550 4186 711 4249 duxerunt
737 4205 781 4248 ex
806 4181 1043 4248 recentioribus
1059 4182 1180 4246 Thom.
1197 4179 1358 4245 Hobbes
1375 4179 1398 4234 ti

213 4290 429 4371 Voltaire‚
452 4304 585 4377 praeter
608 4290 689 4357 ahos
722 4292 760 4378 ²).
789 4289 865 4354 Pari
892 4290 988 4354 modo
1016 4308 1165 4353 arcemus
1195 4308 1296 4372 porro
1326 4298 1397 4348 con·

250 4542 273 4607 ι)
292 4545 318 4594 2.
335 4543 430 4592 maen.
451 4543 490 4594 ιε.
508 4544 535 4592 2.

249 4630 270 4700 2)
292 4631 336 4685 Cf.
354 4630 486 4686 Wlest.
503 4633 591 4688 lustu.
610 4634 691 4684 theut.
708 4630 831 4696 lngolst.
852 4630 928 4681 1286.
946 4627 978 4680 u.
995 4629 1021 4679 t.
1039 4640 1065 4696 p.
1084 4627 1136 4678 tto
1153 4641 1181 4680 s.
