2926 5168
1208 241 1274 309 lta

71 380 212 466 conspici
237 390 274 460 ¹).
303 419 342 431 -—
372 381 521 449 Tandem
544 386 687 462 tradunt,
719 386 988 473 gubernationem
1014 409 1074 453 seu
1094 389 1272 476 providens

69 486 146 553 tiam
180 486 318 553 divinam
353 488 475 567 omnia,
515 510 640 555 summa
661 502 694 556 et
716 491 796 567 ima,
829 491 1000 578 complecti
1021 501 1069 579 ²);
1093 495 1153 557 sed
1176 483 1273 561 simul

70 603 258 679 agnoscam,
280 613 390 659 curam
413 594 551 659 divinam
571 616 631 679 pro
653 595 766 680 majori
788 607 844 661 aut
865 595 980 661 urinori
1000 618 1109 680 rarum
1131 598 1273 670 neemia

68 707 133 761 tate
174 708 229 761 aut
269 697 435 783 dignitate,
468 701 622 785 majorem
665 721 791 786 quoque
834 700 885 766 vel
916 699 1073 767 minorem
1107 702 1273 775 dicendam

68 824 143 867 esse
166 813 203 878 8).
230 802 480 869 Gubernationis
512 805 637 870 divinae
666 805 899 875 necessitatem
926 827 1005 870 vero
1035 808 1154 893 partim
1181 810 1272 887 inde,

67 906 217 992 quoniam
240 906 347 972 omnia
369 929 388 973 a
408 910 482 975 Deo
504 921 578 973 sunt
598 908 726 974 condita
749 918 788 989 ⁴),
810 910 927 994 partim
942 911 1015 997 quia
1034 933 1130 979 secus
1154 913 1274 980 lrustra

68 1015 108 1077 ad
125 1013 256 1078 virtutis
273 1014 411 1079 studium
438 1014 656 1081 excitaremur
678 1024 716 1092 ⁸),
741 1025 899 1100 repetunt.
921 1015 969 1079 lta
987 1016 1103 1083 Patres
1127 1019 1251 1108 singuli.

152 1117 367 1183 Ecclesia
398 1131 507 1185 autem
544 1119 737 1185 universalis
784 1119 854 1205 ipsa
897 1117 992 1184 fidem
1032 1109 1272 1197 suamfleun'

71 1222 178 1286 omnia
197 1222 370 1308 disponere
389 1235 484 1310 atque
501 1245 557 1288 rea
577 1224 720 1312 singulas
738 1237 771 1290 et
789 1245 901 1288 omnes
918 1223 1067 1291 adfinem
1086 1249 1181 1292 aurun
1199 1229 1272 1297 diri·
1314 1258 1324 1267 ·

64 1327 600 1416 gere,omuibussuisorationibus
615 1329 762 1415 puhlicis,
779 1329 892 1415 quihus
900 1330 940 1393 ad
950 1330 1057 1395 Deum
1072 1332 1229 1421 confugit,
1239 1345 1275 1397 ut

65 1455 84 1498 a
104 1434 202 1497 uobis
221 1433 304 1497 mala
320 1445 448 1498 avertat
463 1445 517 1499 aut
535 1434 688 1500 auxilium
704 1457 796 1499 suum
811 1434 912 1509 ferat,
933 1437 1038 1520 palam
1050 1435 1230 1521 profitetur.

190 1536 228 1603 C.
252 1537 401 1623 Denique
418 1559 491 1604 cum
506 1539 704 1604 revelatione
723 1538 961 1624 perlectissime
984 1562 1108 1627 quoque
1138 1564 1273 1613 consen·

65 1644 103 1707 tit
120 1663 199 1707 sena
214 1643 342 1707 ratio.
364 1643 448 1719 Nam
465 1663 556 1707 mens
565 1655 686 1720 nostra,
710 1663 766 1709 res
778 1654 906 1710 creatas
918 1657 1038 1717 attente
1051 1647 1273 1732 considerans,

67 1770 132 1813 non
146 1758 256 1833 potest
271 1769 334 1811 non
351 1748 532 1823 advertere,
561 1749 665 1813 omnia
687 1747 926 1832 sapientissime
953 1771 1029 1821 esse
1051 1752 1225 1821 constituta
1241 1767 1274 1821 et

62 1854 147 1918 inter
165 1852 306 1918 invicem
322 1852 497 1938 disposita,
521 1866 616 1939 atque
642 1875 697 1918 res
719 1873 832 1919 omnes
861 1874 899 1919 ac
920 1854 1067 1942 singulas
1097 1857 1137 1920 ad
1161 1870 1271 1923 certos

62 1959 197 2023 tendere
213 1958 312 2033 lines,
344 1959 405 2023 sibi
432 1958 560 2023 omniuo
600 1979 786 2046 congruos,
808 1958 925 2045 ubique
956 1959 1101 2024 ordinem
1122 1981 1161 2026 ac
1189 1961 1271 2028 fines

62 2066 163 2129 rebus
186 2064 411 2150 praestitutos,
435 2065 610 2149 harumque
629 2064 669 2127 ad
687 2064 757 2128 illos
783 2064 1042 2132 convenientiam
1064 2065 1272 2150 deprehendi,

63 2169 236 2236 consilium
273 2190 312 2235 ac
345 2169 504 2234 rationem
536 2168 744 2234 manifestari.
774 2171 810 2233 ld
868 2170 1081 2255 comprobant
1104 2170 1271 2237 innumera

62 2275 154 2340 varia
192 2286 371 2359 systemata
397 2295 567 2356 corporum
605 2274 811 2350 coelestium,
836 2276 1023 2361 comprobat
1050 2285 1162 2339 noster
1184 2277 1272 2341 orbis

60 2393 265 2465 terraqueus,
290 2381 498 2466 comprobant
517 2399 572 2442 res
589 2379 749 2468 singulae,
768 2379 917 2447 minimae
935 2400 1034 2465 aeque
1044 2398 1083 2444 ac
1099 2382 1271 2460 maximae,

60 2486 252 2571 comprobat
271 2506 380 2550 earum
396 2496 504 2548 mutua
513 2484 728 2549 necessitudo.
752 2484 846 2564 Quod
862 2485 988 2570 quidem
1005 2483 1093 2548 valet
1104 2487 1144 2550 de
1155 2490 1272 2553 mundo

59 2590 209 2676 physico.
232 2592 294 2656 Ast
325 2602 358 2654 et
381 2589 526 2654 ordinem
555 2588 662 2654 mundi
678 2590 834 2654 moralem
853 2589 939 2666 dari,
962 2601 1027 2653 tam
1058 2602 1183 2656 certum
1207 2593 1271 2676 est‘,

59 2717 154 2783 quam
171 2708 296 2761 certum
313 2715 349 2758 ac
372 2694 528 2770 evictum,
550 2694 658 2782 legem
679 2695 834 2759 moralem
850 2695 944 2759 nobis
961 2714 1024 2758 non
1049 2693 1170 2759 frustra
1196 2717 1271 2762 csse
1325 2783 1331 2798 ι

58 2801 205 2874 insitam,
228 2797 459 2864 redemtionem
477 2819 515 2863 ac
530 2799 761 2863 revelationem
782 2821 845 2863 nou
871 2799 995 2864 frustra
1020 2797 1148 2865 iactam.
1179 2798 1270 2878 Quae

57 2904 143 2971 ratio
165 2903 369 2968 dissimulare
384 2903 468 2967 haud
485 2915 605 2986 potest.
628 2902 680 2967 llx
696 2905 798 2968 altera
818 2915 910 2988 parte
926 2913 1032 2968 autem
1047 2901 1142 2967 simul
1159 2924 1271 2970 neces-

59 3009 148 3074 sario
161 3007 331 3095 intelligit,
355 3007 478 3083 omnia,
504 3028 712 3093 quaecunque
729 3008 887 3072 inmundo
903 3009 1019 3071 dantur
1042 3019 1074 3072 et
1089 3007 1179 3083 fiunt,
1197 3030 1270 3075 con·

59 3113 219 3201 tingentia
235 3112 321 3177 esse.
343 3111 449 3191 Quum
468 3122 575 3177 autem
590 3132 705 3187 omne,
736 3114 820 3198 quod
843 3113 1036 3199 contingens
1060 3124 1121 3187 est,
1145 3101 1272 3178 nonnisi

56 3241 122 3307 per
133 3221 331 3284 voluntatem
342 3216 424 3281 entis
434 3216 572 3280 absoluti
581 3215 1043 3304 existerequeat:necessario
1052 3216 1137 3282 ratio
1145 3237 1272 3282 omnem

55 3324 165 3391 mundi
200 3321 443 3407 dispositionem
464 3341 502 3385 ac
530 3322 784 3388 moderationem
809 3325 848 3388 ad
865 3324 969 3387 Deum
985 3321 1097 3398 refert,
1119 3322 1215 3408 idque
1231 3343 1270 3388 eo

90 3625 114 3685 ¹)
133 3621 173 3675 Id.
190 3625 232 3673 Ad
249 3637 304 3684 eor,
323 3623 368 3685 pul
400 3623 583 3673 scandalizati
600 3627 671 3672 sont.
690 3635 716 3671 e.
734 3621 764 3669 8.
782 3633 808 3685 p.
826 3621 888 3674 482.

88 3705 330 3775 ²)1ren.com.
354 3715 428 3762 laer.
455 3716 473 3762 ι.
494 3714 523 3763 a.
543 3726 566 3760 e.
586 3713 635 3763 aa.
653 3726 679 3761 e.
701 3714 728 3762 ι.
746 3722 773 3774 p.
792 3712 850 3761 2²³.
871 3716 889 3762 ι.
909 3715 938 3762 s.
958 3726 982 3762 e.
1001 3712 1050 3763 ιε.
1069 3725 1096 3762 n.
1115 3712 1183 3774 ap.
1201 3709 1262 3761 ³15.

53 3830 82 3840 -
106 3799 269 3854 'l'ertull
287 3804 354 3853 Ado.
372 3803 439 3853 Jed.
458 3817 486 3855 a.
505 3803 533 3853 2.
552 3798 621 3864 opp.
640 3799 676 3851 V.
696 3801 720 3851 1.
739 3811 766 3863 p.
784 3801 844 3853 265.
864 3827 895 3837 -
913 3799 1050 3853 Mlnuc.
1074 3799 1153 3853 llel.
1171 3803 1263 3857 oetas.

54 3909 81 3944 c.
100 3895 148 3942 lt.
165 3891 199 3940 la
218 3888 388 3941 Galland.
404 3893 474 3941 Ball.
496 3892 550 3940 ΡΡ.
570 3888 604 3942 Τ.
622 3891 648 3940 2.
666 3903 693 3955 p.
711 3891 762 3940 3⁹0
780 3904 806 3941 a.

87 3975 111 4046 3)
130 3974 282 4045 origen.
309 3981 385 4032 Ceut.
411 3982 479 4033 Cels.
505 3984 523 4031 l.
549 3983 576 4029 4.
603 3995 628 4029 n.
659 3981 706 4031 ⁷4.
735 3982 783 4031 99.
803 3977 873 4050 Opp.
891 3982 927 4040 Τ.
946 3983 971 4035 l.
992 3995 1019 4047 p.
1037 3983 1097 4033 559.
1115 3980 1166 4032 576
1184 3992 1211 4032 a,
1230 4004 1263 4014 -

52 4071 265 4134 Hieronym.
283 4071 315 4120 In
331 4071 440 4121 llatae.
461 4073 488 4129 1,
510 4072 557 4121 14.
577 4067 649 4134 Opp.
668 4068 701 4118 Τ.
720 4069 746 4120 6.
765 4079 790 4120 o.
808 4070 869 4122 604,
888 4099 920 4107 -
941 4073 1039 4122 lren.
1059 4073 1132 4127 Ceut.
1144 4073 1226 4125 ,laea
1244 4075 1262 4120 l.

54 4159 414 4224 ardemanus
1235 4199 1240 4209 .

86 4251 111 4319 l)
130 4252 308 4315 Athenag.
326 4253 393 4310 Lea.
410 4264 467 4308 pro.
488 4250 581 4300 Ctrtrt.
599 4251 665 4301 n.8·
684 4247 756 4316 0pp.
775 4248 922 4302 Juatlu.
940 4247 1038 4315 p.30l.
1055 4274 1089 4284 -
1115 4248 1259 4303 Nemes.

51 4344 167 4411 nesam.
184 4348 252 4397 pam,
271 4357 296 4393 c.
322 4342 372 4394 4³.
399 4336 430 4388 ln
460 4336 640 4390 Galland.
667 4342 740 4393 Birt.
764 4342 820 4392 PP.
843 4339 875 4393 Τ.
891 4341 916 4392 7.
935 4350 963 4402 p.
983 4337 1043 4390 lle.
1064 4337 1104 4388 cl.
1125 4350 1150 4390 c.
1169 4337 1213 4390 ²12.
1231 4349 1260 4401 p·

51 4441 111 4588 ⁴¹⁵6>
124 4450 248 4584 alzeconem
269 4523 399 4577 Clamant.
419 4525 437 4573 t.
455 4521 486 4574 8.
504 4534 532 4571 n.
552 4523 598 4570 to.
618 4517 663 4569 co
675 4516 781 4570 teler.
800 4520 855 4568 ΡΡ.
881 4523 963 4577 oport.
976 4511 1112 4567 'Amstel
1132 4512 1208 4563 lm
1226 4511 1258 4561 Τ.

50 4630 79 4682 p,
98 4615 156 4665 568.

861 4660 1035 4760 ,W
