2926 5168
1279 219 1342 287 iii

139 383 197 427 uro
218 363 316 426 atium
335 384 525 449 quemquam
549 369 659 430 sotere.
690 374 711 432 1
720 374 751 431 u
757 389 816 430 um
841 370 1016 451 siquidem,
1047 377 1152 448 utpote
1183 376 1343 450 Filium

140 479 237 552 Dei,
259 475 499 538 adoramus:
520 483 677 555 martyres
692 469 768 538 sero
792 485 943 556 tauquam
970 480 1097 541 Domini
1121 481 1293 559 discipulos
1314 488 1346 543 et

137 582 331 656 imitatores,
358 585 468 642 turrito
496 583 673 656 audiuimus,
698 589 828 663 propter
850 581 981 644 ,illorum
1013 604 1090 659 eruo
1120 603 1212 644 suum
1234 605 1342 662 reuem

137 708 177 747 ae
191 690 380 765 magistrum
403 687 649 749 benevolentium
667 692 818 750 eximiam
841 686 879 768 ¹).
911 687 956 750 lu
984 687 1152 770 epistolem
1177 687 1342 752 finientes:

143 794 264 856 Valere
276 815 330 856 aaa
347 804 510 874 optamus,
531 797 674 870 fratres,
698 816 737 854 ae
758 794 903 854 iueedere
927 797 962 854 iu
993 799 1173 871 eoauaatieo
1199 818 1346 858 sermone

133 900 222 960 Jesu
243 898 383 972 etrum
405 919 494 960 otum
516 905 763 981 quaestorio
795 900 879 961 Deo
909 907 946 960 et
973 901 1112 973 Patri,
1141 913 1178 964 et
1204 907 1343 982 Spiri-

132 1009 199 1064 tui
220 1002 266 1075 8.,
289 1004 326 1065 oi
337 1006 696 1066 sauotorumeteetomun
708 1008 861 1086 salutem,·
883 1008 1143 1084 quemadmodum
1158 1014 1345 1086 martyrium

126 1114 391 1189 pertulitteatus
401 1108 1100 1191 Polycarpusjndeujmuestiqiucontiueat,
1116 1120 1152 1174 ut
1162 1118 1201 1174 iu
1217 1135 1261 1175 re
1266 1133 1347 1192 ouo

125 1223 158 1277 J
165 1237 186 1276 e
197 1236 248 1276 su
271 1219 432 1289 curisti
452 1221 655 1279 inveniamur
675 1215 711 1300 ¹).
735 1214 1000 1280 —tustinus
1023 1217 1067 1283 M.
1091 1237 1119 1281 e.
1151 1237 1178 1282 c.
1201 1223 1271 1287 103.
1293 1228 1355 1282 nsi

127 1331 202 1392 tus,
226 1331 259 1383 et
275 1320 342 1386 167.
363 1329 518 1394 mortuus,
536 1341 554 1383 e
576 1321 762 1405 philosopho
780 1321 986 1386 Christianus
1001 1322 1119 1403 iectus,
1143 1323 1196 1407 qui
1218 1344 1346 1388 suorum

124 1423 320 1489 doctrinam
344 1447 407 1488 non
437 1438 576 1500 temere,
601 1428 658 1490 sed
684 1437 759 1512 post
781 1427 897 1509 longus
920 1428 1067 1494 veritatis
1090 1428 1346 1512 disquisitiones,
1458 1452 1461 1457 ·

101 1533 258 1595 ‘annum
276 1550 377 1616 agens
396 1531 527 1596 circiter
543 1531 757 1618 trigesimum,
782 1531 916 1607 imbibit,
943 1545 1037 1618 etque
1056 1546 1088 1598 et
1104 1555 1163 1599 ore
1179 1546 1212 1598 et
1223 1535 1346 1618 scripto

122 1638 300 1700 adversus
323 1635 470 1700 «iudaeos
483 1648 517 1700 et
535 1637 696 1701 Etbnicoo
713 1637 868 1701 defendit:
892 1638 956 1714 Oui
978 1639 1115 1724 (Filius)
1157 1663 1243 1704 eum.
1265 1644 1348 1703 Ver·

119 1747 213 1805 &rm
237 1748 282 1804 sit
300 1746 542 1823 primoueuitum
567 1747 628 1806 Dei
637 1794 646 1820 ‚
675 1747 789 1806 Deus
816 1750 911 1807 etiam
941 1753 1012 1807 est.
1035 1744 1086 1807 Ae
1106 1749 1199 1825 prius
1223 1750 1348 1830 quidem

120 1852 226 1913 Mosi
247 1869 286 1911 ae
309 1853 445 1911 caeteris
472 1851 633 1929 Prophetis
656 1852 690 1911 iu
714 1854 817 1928 speeie
837 1853 921 1928 tynis
946 1862 977 1912 et
995 1854 1135 1928 imaaiue
1163 1855 1349 1932 iuomporea

120 1959 230 2016 visus
246 1960 310 2015 est:
322 1973 409 2015 uuus
419 1961 522 2016 autem
534 1958 631 2016 vestri
642 1958 766 2031 imperii
773 1957 964 2032 imparibus
980 1953 1037 2036 [ad
1051 1955 1246 2019 Antoninum
1256 1956 1347 2021 Pium

123 2057 298 2143 loquitur]
320 2079 364 2120 eu
378 2061 601 2134 oiroiu'edomo
620 2064 731 2138 faetus
746 2063 922 2120 seereudum
939 2065 1043 2122 Patris
1069 2068 1271 2141 eotuutotem,
1290 2083 1349 2141 pra

125 2185 249 2227 eorum
266 2163 379 2234 sabate.
402 2170 457 2246 qui
472 2166 520 2226 itti
533 2164 675 2237 eredunt,
699 2171 730 2225 et
741 2185 802 2240 pro
820 2166 919 2226 uidiio
934 2166 1046 2227 baberi
1060 2171 1169 2244 etpati
1185 2172 1348 2243 maduerit,

128 2277 170 2332 ut
193 2276 340 2332 mortuus
356 2288 404 2330 =uo
428 2289 605 2346 resurqeus
631 2276 763 2332 mortem
779 2274 920 2332 uinceret
939 2269 978 2350 ⁸).
1008 2307 1044 2319 -
1067 2267 1127 2331 Et:
1151 2269 1232 2343 Quis
1250 2276 1349 2350 initur

132 2395 244 2436 saetae
259 2377 372 2436 mentis
388 2379 479 2436 bomo
494 2395 559 2436 unu
571 2379 613 2452 fa
623 2382 738 2449 teatur,
761 2375 871 2436 atdeos
891 2395 1091 2457 nequammm
1112 2395 1173 2436 uos
1190 2396 1272 2448 esse,
1296 2383 1352 2456 uui

136 2484 282 2561 opificem
293 2481 664 2556 leuiusoeuuieereitatis
683 2480 827 2546 eodmus.
851 2515 889 2526 —
913 2480 1067 2542 Nostrum
1090 2485 1196 2541 autem
1226 2516 1265 2528 -
1289 2485 1348 2544 do·

140 2595 279 2665 otorm,
302 2592 414 2647 uatum
433 2586 550 2647 addae
566 2605 683 2646 munus
703 2592 843 2647 Jesum
867 2586 1081 2648 Christum
1110 2606 1149 2647 ue
1177 2588 1236 2649 eut
1257 2589 1349 2649 Pau-

142 2699 182 2754 tio
214 2695 314 2754 uitam
354 2726 391 2738 -
426 2695 637 2771 eruditiorum,
667 2695 755 2752 ueri
782 2693 858 2752 Dei
891 2691 1047 2753 Filium
1076 2711 1172 2752 esse
1202 2692 1349 2765 edocti,

142 2803 310 2881 iustumque
321 2799 461 2860 seeundo
479 2802 564 2870 toea,
586 2796 743 2876 Spiritum
761 2805 866 2859 autem
879 2802 1096 2877 propbetioum
1115 2801 1208 2859 tertio
1227 2799 1349 2860 teuteu-

144 2906 339 2979 tesordiue,
361 2922 427 2967 mou
453 2906 548 2965 siue
584 2909 759 2966 ratione
799 2927 819 2966 u
847 2908 969 2966 uotis
1001 2909 1087 2966 euti
1117 2904 1350 2965 demonstrati·

143 3033 215 3074 mue
237 3012 275 3095 ⁴).
299 3046 339 3058 —
362 3010 462 3075 Alibi:
483 3011 567 3086 linus
590 3009 680 3092 (Dei)
703 3018 807 3073 autem
822 3011 937 3085 Filius,
962 3017 1015 3092 qut
1036 3008 1158 3070 sotus
1174 3010 1352 3086 proprie

145 3121 292 3182 ditius
313 3119 445 3190 dieitur,
475 3117 648 3177 Verbum
670 3123 898 3197 autequam
918 3121 1094 3176 muudus
1116 3120 1350 3184 crearetur,

145 3225 255 3306 quod
284 3230 324 3284 et
347 3241 428 3284 uuo
456 3240 543 3282 eum
575 3238 617 3281 eo
641 3225 813 3293 aderet,
836 3231 874 3282 et
892 3225 1079 3297 aeuitum
1097 3224 1178 3289 est,
1201 3237 1272 3280 oum
1290 3238 1351 3297 per

143 3333 226 3392 iliud
244 3331 335 3390 tuitio
356 3330 462 3388 ommia
485 3327 626 3386 condidit
639 3331 671 3386 et
683 3328 810 3387 oruneit
830 3323 865 3406 ὕ).
914 3362 928 3369 -
951 3327 1052 3406 Atque
1074 3319 1107 3382 in
1129 3319 1259 3409 dialogo
1278 3342 1349 3386 cum

146 3434 328 3519 Tryphone
355 3431 444 3498 dud:
471 3430 651 3509 Trypho.-
680 3431 770 3502 Quod
784 3434 833 3492 ais
857 3430 1203 3508 praeexstitisse
1224 3427 1352 3489 Deum

146 3547 246 3604 aute
266 3538 441 3601 saecuta
462 3537 572 3597 duue
596 3534 831 3614 Christum,
854 3555 892 3597 ae
908 3535 1022 3597 deiude
1036 3535 1131 3594 etium
1148 3535 1240 3593 nasei
1256 3533 1352 3594 bomi-

146 3665 221 3706 uem
248 3648 376 3723 fartum
404 3643 622 3712 sustinuisse,
656 3658 715 3701 uee
743 3640 901 3701 homiuem
935 3658 977 3701 ear
1001 3637 1180 3700 homiuibus
1206 3655 1278 3698 esse
1285 3657 1298 3711 ‚·
1320 3639 1357 3698 id

148 3768 215 3811 usu
231 3744 390 3809 summat
409 3746 555 3824 opinione
572 3745 748 3806 otborreus
765 3744 843 3805 midi
859 3745 983 3807 videtur
991 3789 1003 3823 ,
1024 3744 1086 3805 sed
1097 3746 1194 3804 etium
1214 3742 1352 3804 stultum.

149 3852 207 3915 Aa
219 3852 299 3912 daeo
316 3867 391 3924 eoo:
409 3851 500 3925 Soio,
522 3849 663 3927 inquom,
680 3846 765 3908 bauo
780 3848 956 3910 doctrinam
967 3847 1007 3907 at
1026 3848 1171 3924 opinione
1183 3846 1353 3908 atdarreu·

106 3962 117 3971 “
148 3965 209 4020 tem
226 3957 343 4023 uideri,
373 3952 565 4028 praesertim
589 3956 690 4013 uestri
718 3955 851 4029 yeueris
875 3951 1071 4022 bominibus,
1100 3953 1154 4031 qui
1184 3969 1272 4032 quee-
1292 3951 1356 4012 Dei

148 4065 225 4122 suut
234 4103 247 4139 ,
270 4076 329 4118 uee
355 4056 535 4133 imettioere
559 4075 618 4126 uec
639 4060 753 4135 faeere
772 4057 1092 4138 uuquam‘aotuistis,
1114 4055 1176 4117 sed
1187 4074 1353 4137 quaemu-
1456 4065 1457 4068 ’

185 4255 208 4321 ¹)
228 4270 256 4306 u.
276 4255 324 4304 ιν.
341 4248 385 4302 m.
403 4263 430 4316 p.
448 4251 507 4304 202.

183 4338 208 4406 ²)
229 4360 255 4395 u.
275 4343 322 4392 22.
342 4354 368 4405 p.
386 4339 444 4390 2021

184 4429 210 4499 ³)
232 4435 308 4492 etuol.
329 4436 355 4481 1.
374 4447 399 4482 u.
421 4434 471 4482 63.
491 4428 561 4494 Opp.
580 4444 607 4495 p.
627 4429 669 4481 821.
688 4430 720 4482 C.

185 4523 210 4590 4)
230 4524 271 4575 m.
290 4539 315 4574 u.
337 4523 384 4571 13.
404 4533 430 4585 p.
449 4520 492 4571 51.

186 4609 211 4680 5)
230 4615 306 4673 Auoi.
323 4612 359 4663 u.
379 4625 404 4661 u.
424 4613 450 4659 6.
470 4622 498 4674 p.
516 4611 561 4661 96.
580 4608 624 4661 Gi.
643 4626 669 4662 u.
694 4612 738 4662 ts.
757 4623 784 4674 p.
805 4610 863 4662 101.
882 4608 914 4662 C·
954 4639 957 4644 Α
