2926 5168
95 114 146 163 ter
168 105 199 163 in
224 105 291 163 ania
320 104 474 178 decretio,
503 104 611 182 quibua
642 105 805 164 secundam
833 124 917 167 suam
944 109 1091 169 infinitam
1123 109 1305 186 sapientiam

95 209 209 268 bouum
230 226 285 287 per
306 217 432 269 naturas
465 226 520 269 seu
541 209 623 269 antia
642 209 759 278 libera,
792 211 841 270 vel
871 230 940 271 eum
967 214 1030 273 iiiia
1052 214 1194 282 edicere,
1215 222 1307 289 atque

95 313 210 372 malum
230 315 409 391 permittere
429 316 495 373 vuit
516 315 551 390 ¹).
580 311 645 387 Quo
669 332 763 373 aenou
784 333 900 394 quoquo
921 335 972 376 rea
989 317 1110 377 iuiurac
1131 320 1197 378 Deo
1220 335 1307 393 prae·

95 426 203 479 scnteo
220 427 302 492 aunt,
324 418 465 478 videlicet
483 438 541 477 non
559 419 677 496 quidem
691 421 734 493 ani
749 412 834 498 ἔργῳ,
857 439 911 481 acu
930 441 976 490 re,
998 423 1051 481 aed
1069 423 1104 501 τῇ
1122 412 1241 499 danapri
1258 417 1309 480 aet

94 526 133 602 τῇ
155 527 261 602 γνώμῃ,
284 541 339 582 acu
361 525 548 599 potentiani
571 525 698 582 consilio
722 525 760 600 ²).

181 626 344 687 Observ.
365 627 394 690 d.
416 627 538 703 Quando
564 631 593 686 iu
620 630 680 688 SS.
704 630 833 687 Litteris
860 632 943 689 Deua
968 639 1086 691 tentare
1103 631 1308 692 Abrahamum

93 734 219 800 dicitur,
243 741 276 790 ut
291 730 467 792 fidelitatem
488 735 625 808 exploret
643 729 692 815 ⁸),
715 736 761 793 vel
780 733 1007 806 descensurus,
1029 747 1062 795 ut
1079 737 1180 796 videat
1198 738 1309 795 clamo·

94 857 163 896 rem
180 845 210 896 et
227 838 346 896 aceicra
363 838 589 897 Sodomitarum
610 843 655 910 ⁴):
679 839 766 897 modo
781 838 910 898 humano
927 839 1003 898 haec
1021 840 1196 911 dictasunt,
1219 859 1309 918 quum

95 961 154 1002 nos
172 942 308 1019 perfecte
324 941 407 1001 sciro
422 940 549 1001 dicimur
557 985 570 1019 ,
592 960 668 1020 quae
686 944 895 1019 experimento
918 946 1130 1022 comprobata,
1161 965 1196 1004 ac
1213 948 1310 1005 oculis

96 1048 217 1107 nostris
233 1048 326 1106 veluti
343 1047 480 1122 subjecta
499 1048 658 1115 bohemum
681 1059 710 1107 ct
725 1051 845 1108 nonnisi
881 1050 1028 1122 indicant,
1055 1052 1153 1110 Deum
1175 1050 1311 1109 Abraha-

95 1173 145 1213 mo
166 1154 359 1213 occasionem
390 1154 524 1212 merendi
551 1155 803 1225 subministrare,
834 1156 976 1233 iiiiuoque
1006 1155 1196 1231 obedientiae
1219 1156 1311 1214 subii·

95 1261 234 1318 mitatem
250 1277 285 1318 ac
310 1259 529 1334 praestantiam
551 1258 669 1334 publice
689 1258 881 1318 manifestam
899 1259 1027 1320 reddero
1047 1261 1201 1332 voluisse,
1223 1268 1312 1336 atqua

95 1366 196 1439 ipsum
212 1364 244 1422 in
260 1363 470 1422 discernendis
486 1365 590 1440 poenis
607 1363 681 1422 nihii
698 1372 812 1424 temero
832 1373 862 1423 et
880 1366 1117 1442 praecipitanter
1140 1365 1251 1426 moliri.
1274 1396 1312 1408 —

95 1469 143 1528 Hi
155 1486 278 1544 erony
289 1486 371 1527 mua
388 1478 488 1528 autem
506 1469 609 1529 verbis
627 1471 706 1531 iilis:
728 1469 910 1530 Atearaum
930 1475 1038 1530 22124
1058 1473 1115 1530 doc
1131 1469 1193 1528 Dei
1211 1467 1314 1528 dedu-

97 1591 170 1634 cere
193 1574 406 1648 majestatem,
437 1579 474 1633 ut
501 1577 585 1636 aciat
603 1593 664 1653 par
684 1580 841 1636 momenta
862 1574 1012 1652 ampula,
1035 1577 1111 1653 pao!
1131 1575 1309 1633 noceantur

99 1677 229 1757 2212222,
252 1682 365 1757 quotae
386 1681 577 1757 moriantur,
600 1698 683 1761 qaae
704 1681 846 1740 viaticum
868 1685 898 1741 21
914 1678 1059 1757 pulicum
1073 1682 1106 1737 et
1124 1694 1310 1737 tnaaaaram

100 1784 136 1842 att
153 1784 193 1843 in
215 1787 304 1842 terra
323 1782 508 1856 maurinae,
538 1785 649 1863 quanti
673 1786 779 1862 pineae
809 1789 843 1845 im
874 1803 960 1864 aqua
981 1790 1107 1854 natent,
1140 1789 1173 1840 et
1194 1781 1248 1860 qai
1269 1785 1309 1839 da

100 1887 272 1949 mineram
292 1888 449 1964 conform
467 1889 609 1964 praedae
630 1888 743 1949 cadere
763 1888 898 1949 debeant
918 1893 966 1960 ι),
990 1885 1191 1955 solummodo,
1212 1896 1246 1944 nt
1268 1901 1308 1945 ex

101 2001 243 2052 contextu
259 1987 500 2054 antecedentium
524 2003 554 2053 et
570 1994 816 2070 subsequentium
832 1994 968 2070 adparet,
991 1993 1094 2050 dicere
1110 1993 1187 2059 vult,
1210 1993 1307 2050 Deum

95 2115 171 2176 erga
187 2117 241 2156 rea
255 2099 326 2158 iiius
344 2116 404 2157 non
429 2097 541 2158 habere
560 2099 644 2158 iiiam
665 2098 827 2176 specialem
851 2097 1093 2175 providentiam,
1122 2115 1211 2176 quam
1233 2115 1308 2173 erga

88 2213 258 2263 creaturae
281 2204 402 2264 ratione
423 2204 599 2280 praeditae,
622 2207 668 2262 vei
693 2205 876 2263 auxietatem
905 2203 1065 2261 humanam
1088 2202 1118 2261 in
1141 2205 1207 2261 Deo
1229 2199 1308 2258 haud

80 2310 235 2370 obtinere
258 2304 296 2390 ⁸).

180 2416 345 2475 Observ.
365 2413 397 2476 5.
419 2416 495 2474 (ium
515 2416 601 2475 Deus
623 2415 789 2474 omniscius
811 2415 875 2478 ait:
900 2414 1051 2472 discamus
1074 2412 1143 2471 inde

180 2538 208 2581 a.
230 2537 318 2578 omne
334 2528 500 2594 peecatum,
523 2521 614 2579 eiiam
633 2514 883 2589 occultissimum,
905 2519 1032 2587 evitare,
1054 2536 1120 2577 cnm
1138 2535 1195 2576 non
1210 2518 1308 2593 possit

62 2622 97 2680 in
155 2626 311 2697 locatam
334 2624 511 2683 abscondito
541 2625 733 2703 perpetrari,
763 2634 797 2682 ut
826 2625 954 2708 effugiat
981 2626 1078 2682 Deum
1109 2623 1289 2682 omniscium
1299 2641 1308 2687 ;

61 2735 200 2806 atque,
219 2737 253 2788 ut
268 2729 427 2788 tentationi
444 2729 636 2799 resistamus,
655 2746 803 2805 nunquam
817 2728 903 2803 hujus
918 2727 1058 2785 veritatis
1070 2744 1140 2786 cuae
1153 2728 1308 2785 immemo-

773 2939 780 2963 i

103 2979 160 3046 ⁸)
177 2983 217 3035 ci.
234 2985 380 3038 Maxim.
396 2987 490 3036 seint.
508 2987 579 3035 aar.
590 2989 617 3035 3.
629 2986 741 3046 Diaeus.
759 2988 792 3036 de
809 2987 865 3036 «tio.
884 2999 954 3036 nom.
965 2987 995 3044 3.
1016 2987 1044 3035 0.
1062 2982 1135 3049 opp.
1154 2981 1224 3034 Dio
1235 2995 1308 3046 oya.

63 3064 104 3115 T·
152 3075 180 3125 1.
197 3088 222 3140 p.
242 3075 302 3126 709.
327 3100 361 3112 -·
385 3072 585 3139 Angustia.
612 3077 653 3125 112
680 3076 732 3125 cio.
756 3079 789 3126 11.
808 3080 827 3125 t.
847 3078 898 3125 11.
916 3088 942 3123 a.
963 3077 991 3123 7.
1018 3070 1090 3138 opp.
1109 3072 1142 3125 T.
1161 3075 1185 3121 7.
1203 3084 1230 3123 a.
1248 3072 1307 3121 277.

67 3157 120 3204 ⁰8
161 3165 250 3219 nteit.
268 3168 287 3214 Ι.
305 3167 336 3216 6.
354 3178 380 3216 c.
399 3167 447 3214 10.
465 3162 498 3215 Τ.
516 3163 541 3213 8.
560 3175 584 3213 0.
603 3165 665 3215 850.
683 3168 725 3214 De
744 3167 811 3216 Gen.
830 3167 867 3213 ad
883 3165 935 3214 tta.
961 3164 980 3211 d·
999 3167 1027 3213 3.
1051 3175 1076 3213 0.
1097 3165 1147 3213 16.
1166 3177 1193 3212 tt.
1212 3164 1260 3211 33.
1277 3158 1310 3211 Τ.

69 3240 91 3289 3·
127 3257 172 3305 c.
188 3251 244 3304 192.
263 3276 296 3289 ·-
312 3249 474 3302 Anaoim.
492 3252 593 3302 Monet.
610 3265 637 3302 a.
657 3255 684 3300 9.
705 3250 755 3302 10.
774 3254 823 3302 34.
842 3249 913 3316 opp.
932 3265 958 3318 p.
979 3254 995 3302 7
1021 3264 1047 3301 a.
1066 3250 1109 3302 17.

105 3322 156 3395 ²)
177 3337 218 3390 ct.
238 3337 369 3405 cyani.
385 3337 490 3391 ntex.
516 3343 592 3393 rm..
616 3345 714 3392 2....2.
744 3345 772 3391 a.
798 3339 868 3407 opp.
892 3341 926 3394 r.
953 3342 980 3393 a.
1007 3342 1039 3393 r.
1070 3343 1093 3392 t.
1119 3353 1145 3407 p.
1164 3339 1209 3393 m.
1224 3338 1256 3388 n.
1276 3364 1308 3376 -

78 3416 128 3469 Hi
145 3421 215 3482 lar.
234 3431 275 3481 De
294 3430 387 3481 Triuia.
406 3434 427 3481 t.
450 3432 495 3480 12.
515 3445 541 3481 a.
560 3434 612 3481 40.
638 3428 708 3497 0pp.
735 3430 770 3484 T.
796 3432 824 3483 2.
842 3444 869 3482 c.
887 3431 935 3482 tat
955 3445 1031 3482 1.-
1050 3427 1310 3495 inpunitum!

85 3508 179 3568 oros.
194 3534 217 3571 a.
236 3520 266 3568 8.
283 3532 312 3569 a.
332 3520 360 3568 9.
380 3517 449 3581 opp.
468 3517 502 3568 T.
520 3519 547 3569 0.
565 3531 589 3569 c.
609 3519 659 3568 015
676 3533 700 3570 a.
726 3545 761 3557 -
785 3522 827 3571 Tr.
844 3521 873 3572 ia
889 3523 973 3572 Joaa.
995 3535 1021 3571 a.
1039 3523 1069 3572 4.
1088 3520 1120 3570 T.
1144 3520 1171 3570 3.
1189 3518 1221 3572 Ρ.
1239 3518 1265 3568 2.
1283 3531 1308 3567 c.

88 3596 159 3652 305.
180 3603 208 3659 Τ.
225 3631 261 3645 -
279 3607 320 3657 De
337 3607 509 3656 carradium.
530 3608 559 3657 ia
576 3616 657 3658 tanat.
675 3623 730 3659 aec·
748 3610 843 3660 tuam.
860 3612 880 3660 t.
901 3613 927 3660 2.
947 3621 973 3661 0.
993 3612 1020 3659 3.
1038 3625 1063 3660 a·
1085 3611 1134 3660 12.
1154 3620 1179 3660 o.
1196 3608 1258 3659 203.
1276 3633 1309 3642 -

89 3680 135 3732 rr
149 3701 277 3760 otper.
297 3696 374 3746 8211.
394 3695 457 3745 tat.
475 3698 592 3747 Actcraa
611 3704 652 3746 ert
665 3703 691 3747 21
707 3699 934 3749 incommutabilia
948 3699 1072 3749 ooiaataa
1088 3697 1157 3759 ejas,
1176 3712 1226 3748 aec
1244 3712 1309 3747 coa·

89 3771 160 3824 ‘³35⁰
180 3788 331 3835 alternante
349 3784 487 3834 variatur:
506 3785 540 3836 ia
557 3800 624 3847 aaa
641 3788 751 3836 simol
768 3794 837 3848 ert,
864 3789 993 3850 paicipaid
1019 3789 1048 3839 ia
1073 3789 1152 3837 radus
1173 3787 1308 3846 creandis,

87 3861 128 3906 ael
162 3873 323 3924 ordinandis
346 3880 393 3923 aut
415 3876 582 3934 praecessit,
608 3883 656 3925 aot
687 3878 815 3938 requitur.
842 3874 913 3942 Opp.
940 3888 966 3928 c.
992 3876 1051 3933 toa.
1069 3903 1103 3916 -
1140 3871 1307 3925 Anecim.

81 3942 193 4007 Mml.
214 3975 239 4011 a.
261 3964 377 4012 9.-11.
396 3958 468 4027 opp.
488 3974 514 4027 p.
533 3965 560 4015 7.
579 3975 605 4014 a.
625 3964 637 4013 1
666 3976 708 4015 aa.

103 4023 133 4096 ³)
164 4041 247 4101 Gon.
265 4049 410 4111 22,121.

95 4116 129 4184 ⁴)
158 4131 244 4190 Gen.
265 4139 306 4198 ιε,
324 4139 368 4193 aa.

79 4200 120 4320 ⁶⁵)
153 4220 276 4282 cona.
296 4232 325 4280 n
338 4231 412 4295 aaa.
432 4232 461 4290 1,
482 4233 606 4282 ra-u.
625 4229 695 4296 opp.
713 4231 747 4283 u.
766 4233 793 4283 a.
812 4245 838 4284 a.
855 4233 915 4284 aot.

86 4292 108 4353 )
143 4303 215 4369 et.
234 4319 336 4370 cuam.
355 4319 384 4370 n
401 4319 497 4370 uara.
518 4323 566 4380 ιο,
585 4323 710 4371 ao-ao.
729 4319 762 4374 r.
779 4322 805 4374 a.
824 4333 850 4372 c.
867 4323 901 4373 oa
919 4336 945 4374 a.
