2926 5168
1261 185 1358 295 tta!

120 330 186 396 sibi
206 330 352 397 relictam
371 332 410 396 ad
429 330 549 397 infinita
568 330 674 398 divina
693 332 846 398 attributa
867 333 1030 418 probanda
1052 333 1135 399 hand
1158 332 1320 406 sufficere.

122 437 210 517 Quin
231 435 296 502 imo

208 540 246 606 B.
268 535 351 603 ratio
369 548 481 605 nostra
501 559 563 603 non
582 541 686 607 solum
706 541 899 630 cognitionis
918 541 991 619 Dei,
1013 563 1185 631 rerumque
1206 545 1326 613 divina·

121 668 208 725 rum,
230 643 293 710 etsi
307 645 391 710 haud
405 645 570 730 perfectae
588 657 621 710 et
637 648 844 732 adaequatae,
864 659 972 713 tamen
987 647 1177 716 sufficientis
1191 672 1251 736 pro
1266 653 1328 718 hac

125 750 195 816 vita
215 748 378 825 terrestri,
406 749 466 815 sibi
483 749 615 816 conscia
632 763 693 828 est,
721 753 781 817 sed
803 765 837 818 et
859 753 943 818 haud
970 751 1139 820 diliiculter
1161 738 1328 843 perspicit,

123 858 181 922 ilia
202 855 353 922 facultate
375 854 436 921 sibi
459 855 628 944 denegata,
649 856 880 923 revelationem
896 879 959 923 non
979 869 1102 924 tantum
1121 881 1197 925 esse
1219 882 1330 947 snper·

125 964 243 1038 fluam,
274 962 333 1028 sed
364 983 500 1048 prorsus
527 960 670 1027 inutilem
696 973 790 1048 atque
812 961 1069 1048 impossibilem,
1099 977 1212 1051 utpote
1235 987 1329 1053 quam

124 1069 199 1153 ipsa
219 1087 322 1154 neque
344 1065 528 1151 percipere,
550 1085 654 1152 neque
684 1066 724 1131 de
746 1068 816 1151 ejus
837 1066 943 1133 divina
965 1069 1091 1157 origine
1113 1068 1175 1134 sibi
1196 1091 1329 1155 persua·

126 1175 207 1240 dere
228 1175 352 1257 posset.

212 1280 374 1343 Observ.
397 1280 425 1343 1.
457 1278 709 1354 Quemadmodum
733 1300 806 1359 crgo
829 1280 864 1340 ad
896 1283 1098 1360 cognitionem
1124 1285 1256 1344 omnium
1287 1286 1333 1346 sic

126 1391 278 1450 dictorum
296 1388 458 1446 mixtorum
476 1385 650 1464 dogmatum
673 1394 702 1445 et
727 1405 781 1464 per
806 1389 1023 1448 revelationem
1047 1397 1077 1448 et
1101 1408 1155 1467 per
1181 1391 1331 1451 rationem

127 1495 290 1572 pervenire
311 1505 493 1571 possumus:
515 1492 558 1551 ita
583 1490 667 1551 hisce
692 1490 804 1551 duabus
826 1492 885 1551 viis
909 1495 1006 1552 Deum
1037 1503 1187 1571 utcunque
1215 1495 1272 1555 hac
1301 1495 1332 1554 in

126 1602 194 1658 vita
223 1598 433 1676 intelligimus.
462 1598 537 1657 Nam
569 1596 645 1674 quod
673 1595 709 1654 ad
735 1598 951 1656 revelationem
975 1600 1098 1658 attinet:
1130 1609 1213 1659 certo
1245 1617 1332 1659 nemo

130 1704 280 1781 majorae
300 1701 359 1762 fids
379 1701 499 1780 dignior
517 1710 564 1762 est
586 1703 748 1779 interpres,
771 1720 858 1779 quam
877 1704 961 1761 Dens
977 1704 1062 1781 ipse,
1092 1707 1208 1783 Deique
1227 1704 1334 1786 uilius,

128 1812 188 1891 qui
205 1814 255 1870 eei
268 1810 303 1868 in
321 1808 394 1868 sinu
413 1803 521 1868 Patris
541 1802 576 1888 Ι).
607 1805 667 1866 Sed
686 1815 715 1865 et
735 1807 831 1893 ratio,
854 1806 1011 1867 dummodo
1029 1827 1087 1869 non
1107 1811 1181 1869 velit
1199 1828 1217 1869 a
1235 1809 1335 1869 divina

130 1917 318 1976 revelatione
338 1913 495 1973 dissidium
514 1911 624 1980 facere,
647 1919 677 1970 at
694 1912 760 1969 vias
779 1912 837 1970 sibi
854 1930 1000 1988 quaerere
1024 1932 1118 1973 novas
1138 1924 1167 1974 et
1183 1916 1334 1985 insolitas,

130 2023 227 2081 multa
251 2027 352 2097 potest
378 2019 536 2095 praeclara
561 2015 598 2074 de
622 2018 687 2075 Deo
713 2015 836 2094 ejusque
861 2018 1015 2076 attributis
1047 2028 1201 2093 statuere,
1224 2021 1334 2097 partina

130 2125 270 2204 singulas
288 2123 492 2200 perfectiones
509 2140 547 2181 cx
566 2120 633 2180 idea
652 2122 729 2181 entis
748 2122 965 2200 perfectissimi
984 2123 1174 2195 deducendo,
1197 2125 1275 2204 qnod
1291 2125 1335 2196 fit,

131 2229 260 2308 quando,
274 2226 641 2307 quodcunqncpcrfectum
655 2227 685 2285 in
702 2246 805 2286 rerum
823 2237 942 2304 natura,
961 2237 990 2288 et
1006 2232 1166 2308 praecipue
1183 2232 1212 2289 in
1230 2238 1337 2290 nostra

133 2345 233 2397 mente
255 2331 504 2412 deprehenderit,
533 2332 569 2392 ad
592 2351 740 2392 summum
762 2333 887 2411 gradum
913 2335 1055 2406 clevans,
1077 2340 1144 2397 Deo
1166 2337 1282 2405 tribuit,
1307 2345 1337 2394 et

132 2460 221 2501 omns
238 2439 448 2518 imperfectum
461 2437 497 2497 ab
515 2456 549 2497 eo
567 2447 712 2508 removet,
727 2440 848 2516 partim,
859 2441 1072 2517 praeeuntibus
1089 2438 1149 2502 SS.
1162 2443 1291 2502 Litteris
1309 2441 1336 2518 ²)

133 2556 163 2606 et
182 2545 241 2605 SS.
258 2543 400 2603 Patribus
417 2545 456 2615 8),
479 2562 516 2602 cx
533 2544 650 2603 effectis
668 2552 698 2602 et
713 2561 730 2602 a
747 2546 813 2603 Deo
832 2546 944 2604 creatis
957 2545 993 2605 ad
1010 2564 1132 2610 causam
1149 2547 1334 2607 effectricem

134 2646 348 2711 concludendo.
381 2644 471 2708 Hunc
502 2645 652 2726 triplicem
678 2651 822 2709 attributa
846 2649 945 2709 divina
970 2670 1024 2728 per
1055 2653 1202 2712 rationem
1226 2671 1337 2730 cogno·

135 2753 239 2816 scendi
261 2753 381 2812 modum
398 2754 583 2829 antiquiores
600 2752 747 2830 Theologi
768 2771 823 2830 pro
847 2752 944 2812 tribus
965 2753 1116 2815 distinctis
1134 2754 1170 2812 ad
1189 2757 1336 2833 cognitio·

135 2880 204 2920 nem
225 2859 354 2919 divinam
371 2857 563 2938 perveniendi
581 2858 640 2916 viis
660 2857 844 2927 habuerunt,
866 2877 940 2936 quas
962 2859 1067 2918 viam
1091 2861 1337 2929 eminentiae,

136 2967 240 3025 viam
262 2963 503 3042 negationis
525 2971 612 3039 atque
628 2963 894 3022 causalitatis
917 2965 1175 3042 cognominarunt
1196 2968 1254 3026 Ast
1270 2966 1337 3042 quis

138 3088 196 3130 non
218 3068 310 3138 videt,
332 3086 350 3127 a
372 3068 421 3125 via
443 3066 640 3138 causalitatis,
662 3086 749 3145 qnam
768 3067 888 3138 dicunt,
910 3069 979 3128 vias
996 3069 1176 3130 eminentias
1195 3078 1226 3128 ct
1245 3087 1336 3147 nega·

138 3175 230 3236 tionis
252 3189 400 3249 uunquam
415 3189 507 3248 posse
522 3173 640 3242 abesse,
664 3174 756 3233 etita
777 3174 868 3231 etiam
887 3172 1027 3232 notiones
1045 3173 1171 3248 ajcntcs,
1194 3186 1268 3252 quas
1283 3193 1337 3251 per

140 3281 218 3341 viam
236 3278 416 3339 eminentiae
434 3277 656 3347 nanciscimur,
678 3277 800 3337 nonnisi
820 3278 980 3356 negatione
1002 3278 1126 3354 perfici,
1150 3289 1180 3340 ct
1200 3282 1338 3340 notiones

136 3431 404 3450 m

170 3494 197 3562 ¹)
215 3498 298 3550 Joau.
318 3495 397 3557 l,18.

169 3586 196 3655 ²)
214 3587 282 3654 Sap.
303 3586 344 3647 1³,
363 3587 386 3637 1.
403 3585 485 3637 Rom.
504 3582 530 3645 1,
549 3582 590 3632 itt.
608 3583 648 3632 20.

169 3671 195 3743 ³)
214 3677 258 3732 cf.
276 3675 425 3742 Origeu.
442 3675 584 3733 Depra'ne.
603 3677 623 3724 t.
642 3676 669 3724 f.
688 3687 715 3724 e.
741 3675 768 3721 6.
792 3669 864 3736 0pp.
883 3670 914 3721 Τ.
936 3671 960 3722 i.
986 3684 1012 3736 p.
1030 3671 1075 3726 at.
1095 3684 1120 3724 e.
1148 3671 1338 3726 1.c.1t.1s·

140 3773 240 3820 tardum
258 3769 330 3818 ocula·
348 3766 431 3818 nostri
448 3766 533 3822 ipsam
549 3769 673 3814 naturaei
690 3763 776 3825 tucis,
793 3762 823 3810 td
840 3767 888 3822 est,
905 3761 1078 3812 substantiam
1095 3762 1194 3812 intueri
1211 3777 1264 3814 eon
1279 3779 1338 3822 poa·

139 3867 211 3912 sunta
228 3859 394 3917 mtesdoreaa
411 3867 472 3905 aero
490 3854 565 3914 eiua,
584 3851 749 3911 retractos,
765 3851 974 3908 fenestrislorte
992 3857 1019 3900 et
1034 3850 1194 3912 outtuttdee
1211 3853 1339 3904 lustinum

140 3951 261 4002 trevidua
276 3945 454 4005 receptaculis
471 3944 591 4002 densos,
609 3943 756 4002 intuentes,
774 3941 945 3991 considerare
960 3953 1112 4000 possumus,
1128 3943 1214 3998 scores
1231 3944 1287 4000 tuse
1305 3961 1338 3994 oo

139 4042 198 4096 sons
215 4043 328 4101 metu
345 4035 514 4093 attemptet
532 4034 649 4084 luminis.
675 4033 718 4084 ito
743 4046 805 4092 erpo
832 4032 908 4093 purus·
925 4031 998 4080 redii
1015 4032 1124 4093 guidone
1140 4038 1203 4083 ruet
1218 4036 1272 4084 Dea'
1290 4051 1338 4086 no·

142 4138 214 4182 turae
233 4140 313 4187 opera
330 4125 439 4175 diuinae
454 4123 637 4182 providentioe
656 4117 687 4173 ef
698 4137 743 4172 ors
760 4121 941 4172 universitatis
958 4118 1045 4181 tvae,
1063 4123 1101 4170 nd
1116 4125 1339 4180 comparationem

143 4220 223 4277 indua
251 4215 414 4265 ndstoetlae
439 4227 472 4262 nc
497 4220 618 4265 ectum.
646 4212 716 4277 Quia
743 4224 804 4270 erpo
827 4223 900 4260 mena
924 4216 1015 4259 eosne
1042 4209 1126 4266 torem
1149 4224 1198 4269 per
1224 4215 1339 4272 reipsum

144 4310 234 4370 Deum,
252 4306 322 4357 sieut
338 4310 386 4362 eat,
403 4318 457 4355 noa
471 4308 557 4362 potest
572 4303 687 4364 intueri,
706 4315 739 4352 ee
761 4298 959 4359 pulchritudine
979 4310 1085 4355 operum
1103 4305 1130 4349 et
1145 4303 1243 4352 decore
1260 4317 1339 4356 creo·

145 4404 268 4457 fuorunt,
284 4399 419 4452 amentem
436 4394 617 4445 uniuersitatis
633 4391 770 4452 tntelts'os‘t.
786 4414 820 4428 -
838 4385 992 4452 Gregor.
1017 4386 1100 4440 Nau.
1128 4390 1171 4441 tir.
1200 4393 1248 4443 34·
1267 4391 1338 4461 Opp.

146 4483 171 4536 Τ.
189 4488 213 4538 1.
232 4495 259 4537 a.
277 4479 500 4535 tta.-Bastt.
516 4483 549 4536 le
566 4483 698 4534 Heauton.
716 4482 794 4531 Hom.
815 4482 841 4532 1.
859 4492 885 4531 e.
906 4480 954 4539 ff.
973 4475 1043 4542 opp.
1063 4476 1094 4528 Τ.
1113 4477 1136 4528 l.
1154 4489 1182 4541 p.
1200 4479 1242 4532 62.
1260 4482 1338 4534 Hom.

149 4575 169 4625 9.
185 4591 213 4628 e.
232 4577 262 4626 ὅ.
277 4587 303 4633 ρ.
321 4571 369 4625 86.
386 4573 440 4622 ele.
