<?xml version="1.0" encoding="UTF-8"?>
<!DOCTYPE html PUBLIC "-//W3C//DTD XHTML 1.0 Transitional//EN"
    "http://www.w3.org/TR/xhtml1/DTD/xhtml1-transitional.dtd">
<html xmlns="http://www.w3.org/1999/xhtml" xml:lang="en" lang="en">
 <head>
  <title>
</title>
<meta http-equiv="Content-Type" content="text/html;charset=utf-8" />
  <meta name='ocr-system' content='tesseract 3.04.00' />
  <meta name='ocr-capabilities' content='ocr_page ocr_carea ocr_par ocr_line ocrx_word'/>
</head>
<body>
  <div class='ocr_page' id='page_1' title='image "./theologiadogmat01schwgoog_0070.png"; bbox 0 0 2926 5168; ppageno 0'>
   <div class='ocr_carea' id='block_1_1' title="bbox 1227 188 1268 254">
    <p class='ocr_par' dir='ltr' id='par_1_1' title="bbox 1227 188 1268 254">
     <span class='ocr_line' id='line_1_1' title="bbox 1227 188 1268 254; baseline 0 0"><span class='ocrx_word' id='word_1_1' title='bbox 1227 188 1268 254; x_wconf 69' lang='lat' dir='ltr'><strong>dl</strong></span> 
     </span>
    </p>
   </div>
   <div class='ocr_carea' id='block_1_2' title="bbox 70 333 1279 2086">
    <p class='ocr_par' dir='ltr' id='par_1_2' title="bbox 70 333 1279 2086">
     <span class='ocr_line' id='line_1_2' title="bbox 70 333 1269 424; baseline -0.002 -21"><span class='ocrx_word' id='word_1_2' title='bbox 70 350 215 424; x_wconf 90' lang='lat' dir='ltr'><strong>optatum</strong></span> <span class='ocrx_word' id='word_1_3' title='bbox 251 359 293 402; x_wconf 84' lang='lat' dir='ltr'><strong>ex</strong></span> <span class='ocrx_word' id='word_1_4' title='bbox 316 337 460 401; x_wconf 90' lang='lat' dir='ltr'><strong>instituto</strong></span> <span class='ocrx_word' id='word_1_5' title='bbox 486 348 598 401; x_wconf 87' lang='lat' dir='ltr'><strong>nostro</strong></span> <span class='ocrx_word' id='word_1_6' title='bbox 634 349 845 421; x_wconf 74' lang='lat' dir='ltr'><strong>reportemus.</strong></span> <span class='ocrx_word' id='word_1_7' title='bbox 875 337 1003 403; x_wconf 81' lang='lat' dir='ltr'>Etenim</span> <span class='ocrx_word' id='word_1_8' title='bbox 1026 337 1103 403; x_wconf 87' lang='lat' dir='ltr'><strong>licet</strong></span> <span class='ocrx_word' id='word_1_9' title='bbox 1129 333 1269 424; x_wconf 85' lang='lat' dir='ltr'><strong>cognitio</strong></span> 
     </span>
     <span class='ocr_line' id='line_1_3' title="bbox 70 441 1270 528; baseline 0.002 -24"><span class='ocrx_word' id='word_1_10' title='bbox 70 444 135 506; x_wconf 86' lang='lat' dir='ltr'><strong>Dei</strong></span> <span class='ocrx_word' id='word_1_11' title='bbox 153 442 238 506; x_wconf 86' lang='lat' dir='ltr'><strong>vitae</strong></span> <span class='ocrx_word' id='word_1_12' title='bbox 262 441 437 526; x_wconf 89' lang='lat' dir='ltr'><strong>spiritualis</strong></span> <span class='ocrx_word' id='word_1_13' title='bbox 453 441 546 528; x_wconf 80' lang='lat' dir='ltr'><strong>origo</strong></span> <span class='ocrx_word' id='word_1_14' title='bbox 560 441 602 503; x_wconf 90' lang='lat' dir='ltr'><strong>sit</strong></span> <span class='ocrx_word' id='word_1_15' title='bbox 618 451 713 526; x_wconf 85' lang='lat' dir='ltr'><strong>atque</strong></span> <span class='ocrx_word' id='word_1_16' title='bbox 730 442 982 508; x_wconf 74' lang='lat' dir='ltr'><strong>laudamentum:</strong></span> <span class='ocrx_word' id='word_1_17' title='bbox 1006 442 1075 527; x_wconf 83' lang='lat' dir='ltr'><strong>ipsa</strong></span> <span class='ocrx_word' id='word_1_18' title='bbox 1091 462 1194 528; x_wconf 87' lang='lat' dir='ltr'><strong>neque</strong></span> <span class='ocrx_word' id='word_1_19' title='bbox 1208 441 1270 507; x_wconf 86' lang='lat' dir='ltr'><strong>cla·</strong></span> 
     </span>
     <span class='ocr_line' id='line_1_4' title="bbox 70 544 1270 632; baseline 0 -23"><span class='ocrx_word' id='word_1_20' title='bbox 70 567 126 620; x_wconf 87' lang='lat' dir='ltr'><strong>ra,</strong></span> <span class='ocrx_word' id='word_1_21' title='bbox 151 568 253 632; x_wconf 89' lang='lat' dir='ltr'><strong>neque</strong></span> <span class='ocrx_word' id='word_1_22' title='bbox 279 547 370 610; x_wconf 88' lang='lat' dir='ltr'><strong>firma</strong></span> <span class='ocrx_word' id='word_1_23' title='bbox 395 567 433 610; x_wconf 86' lang='lat' dir='ltr'><strong>ac</strong></span> <span class='ocrx_word' id='word_1_24' title='bbox 458 556 549 610; x_wconf 85' lang='lat' dir='ltr'><strong>certa</strong></span> <span class='ocrx_word' id='word_1_25' title='bbox 567 544 700 621; x_wconf 82' lang='lat' dir='ltr'><strong>evadet,</strong></span> <span class='ocrx_word' id='word_1_26' title='bbox 733 547 794 612; x_wconf 91' lang='lat' dir='ltr'><strong>uisi</strong></span> <span class='ocrx_word' id='word_1_27' title='bbox 817 548 983 613; x_wconf 78' lang='lat' dir='ltr'><strong>confestim</strong></span> <span class='ocrx_word' id='word_1_28' title='bbox 1003 547 1068 613; x_wconf 84' lang='lat' dir='ltr'><strong>vita</strong></span> <span class='ocrx_word' id='word_1_29' title='bbox 1082 544 1270 620; x_wconf 86' lang='lat' dir='ltr'><strong>accesserit,</strong></span> 
     </span>
     <span class='ocr_line' id='line_1_5' title="bbox 71 649 1269 740; baseline 0.001 -26"><span class='ocrx_word' id='word_1_30' title='bbox 71 651 136 715; x_wconf 89' lang='lat' dir='ltr'><strong>nisi</strong></span> <span class='ocrx_word' id='word_1_31' title='bbox 156 672 246 715; x_wconf 88' lang='lat' dir='ltr'><strong>amor</strong></span> <span class='ocrx_word' id='word_1_32' title='bbox 260 650 324 715; x_wconf 90' lang='lat' dir='ltr'><strong>Dei</strong></span> <span class='ocrx_word' id='word_1_33' title='bbox 340 653 473 736; x_wconf 89' lang='lat' dir='ltr'><strong>ejusque</strong></span> <span class='ocrx_word' id='word_1_34' title='bbox 490 649 715 715; x_wconf 70' lang='lat' dir='ltr'><strong>sanctissimae</strong></span> <span class='ocrx_word' id='word_1_35' title='bbox 733 653 817 740; x_wconf 81' lang='lat' dir='ltr'><strong>legis</strong></span> <span class='ocrx_word' id='word_1_36' title='bbox 833 665 947 738; x_wconf 91' lang='lat' dir='ltr'><strong>pectus</strong></span> <span class='ocrx_word' id='word_1_37' title='bbox 964 664 1109 717; x_wconf 89' lang='lat' dir='ltr'><strong>nostrum</strong></span> <span class='ocrx_word' id='word_1_38' title='bbox 1124 652 1269 736; x_wconf 87' lang='lat' dir='ltr'><strong>repleve-</strong></span> 
     </span>
     <span class='ocr_line' id='line_1_6' title="bbox 73 752 1273 846; baseline 0.003 -30"><span class='ocrx_word' id='word_1_39' title='bbox 73 753 125 816; x_wconf 88' lang='lat' dir='ltr'><strong>rit.</strong></span> <span class='ocrx_word' id='word_1_40' title='bbox 149 752 242 817; x_wconf 84' lang='lat' dir='ltr'><strong>Sicut</strong></span> <span class='ocrx_word' id='word_1_41' title='bbox 262 754 344 817; x_wconf 80' lang='lat' dir='ltr'><strong>enirn</strong></span> <span class='ocrx_word' id='word_1_42' title='bbox 361 754 444 816; x_wconf 84' lang='lat' dir='ltr'><strong>nulla</strong></span> <span class='ocrx_word' id='word_1_43' title='bbox 460 755 553 817; x_wconf 84' lang='lat' dir='ltr'><strong>datur</strong></span> <span class='ocrx_word' id='word_1_44' title='bbox 570 773 647 816; x_wconf 89' lang='lat' dir='ltr'><strong>vera</strong></span> <span class='ocrx_word' id='word_1_45' title='bbox 663 753 729 818; x_wconf 84' lang='lat' dir='ltr'><strong>vita</strong></span> <span class='ocrx_word' id='word_1_46' title='bbox 742 755 810 820; x_wconf 91' lang='lat' dir='ltr'><strong>siue</strong></span> <span class='ocrx_word' id='word_1_47' title='bbox 824 756 1026 846; x_wconf 81' lang='lat' dir='ltr'><strong>cognitione,</strong></span> <span class='ocrx_word' id='word_1_48' title='bbox 1045 756 1090 821; x_wconf 89' lang='lat' dir='ltr'><strong>ita</strong></span> <span class='ocrx_word' id='word_1_49' title='bbox 1115 757 1201 821; x_wconf 87' lang='lat' dir='ltr'><strong>nulla</strong></span> <span class='ocrx_word' id='word_1_50' title='bbox 1222 765 1273 820; x_wconf 89' lang='lat' dir='ltr'><strong>est</strong></span> 
     </span>
     <span class='ocr_line' id='line_1_7' title="bbox 73 856 1271 949; baseline 0.003 -29"><span class='ocrx_word' id='word_1_51' title='bbox 73 879 154 921; x_wconf 85' lang='lat' dir='ltr'><strong>vera</strong></span> <span class='ocrx_word' id='word_1_52' title='bbox 169 857 309 940; x_wconf 83' lang='lat' dir='ltr'><strong>cognitio</strong></span> <span class='ocrx_word' id='word_1_53' title='bbox 329 856 397 921; x_wconf 89' lang='lat' dir='ltr'><strong>sine</strong></span> <span class='ocrx_word' id='word_1_54' title='bbox 415 856 488 921; x_wconf 84' lang='lat' dir='ltr'><strong>vita.</strong></span> <span class='ocrx_word' id='word_1_55' title='bbox 512 858 603 935; x_wconf 81' lang='lat' dir='ltr'><strong>Quod</strong></span> <span class='ocrx_word' id='word_1_56' title='bbox 627 856 708 922; x_wconf 87' lang='lat' dir='ltr'><strong>Chr</strong></span> <span class='ocrx_word' id='word_1_57' title='bbox 720 859 827 924; x_wconf 90' lang='lat' dir='ltr'><strong>istus</strong></span> <span class='ocrx_word' id='word_1_58' title='bbox 856 861 1059 926; x_wconf 79' lang='lat' dir='ltr'><strong>Dominus</strong></span> <span class='ocrx_word' id='word_1_59' title='bbox 1090 860 1271 949; x_wconf 86' lang='lat' dir='ltr'><strong>significat,</strong></span> 
     </span>
     <span class='ocr_line' id='line_1_8' title="bbox 73 962 1273 1046; baseline 0.001 -21"><span class='ocrx_word' id='word_1_60' title='bbox 73 962 205 1026; x_wconf 77' lang='lat' dir='ltr'><strong>ubisit:</strong></span> <span class='ocrx_word' id='word_1_61' title='bbox 228 967 323 1027; x_wconf 81' lang='lat' dir='ltr'><strong>Beati</strong></span> <span class='ocrx_word' id='word_1_62' title='bbox 344 966 491 1026; x_wconf 83' lang='lat' dir='ltr'><strong>mundo</strong></span> <span class='ocrx_word' id='word_1_63' title='bbox 512 966 655 1025; x_wconf 74' lang='lat' dir='ltr'><strong>cordex</strong></span> <span class='ocrx_word' id='word_1_64' title='bbox 679 969 874 1046; x_wconf 79' lang='lat' dir='ltr'><strong>qnoniam</strong></span> <span class='ocrx_word' id='word_1_65' title='bbox 895 970 983 1044; x_wconf 80' lang='lat' dir='ltr'><strong>ipsi</strong></span> <span class='ocrx_word' id='word_1_66' title='bbox 1005 974 1133 1028; x_wconf 81' lang='lat' dir='ltr'><strong>Deum</strong></span> <span class='ocrx_word' id='word_1_67' title='bbox 1160 971 1273 1028; x_wconf 82' lang='lat' dir='ltr'><strong>atde·</strong></span> 
     </span>
     <span class='ocr_line' id='line_1_9' title="bbox 74 1066 1275 1152; baseline 0.002 -23"><span class='ocrx_word' id='word_1_68' title='bbox 74 1074 171 1130; x_wconf 82' lang='lat' dir='ltr'><strong>dunt</strong></span> <span class='ocrx_word' id='word_1_69' title='bbox 191 1067 229 1151; x_wconf 83' lang='lat'><strong>¹).</strong></span> <span class='ocrx_word' id='word_1_70' title='bbox 254 1069 332 1144; x_wconf 75' lang='lat' dir='ltr'><strong>Qut</strong></span> <span class='ocrx_word' id='word_1_71' title='bbox 353 1090 403 1131; x_wconf 75' lang='lat' dir='ltr'><strong>en</strong></span> <span class='ocrx_word' id='word_1_72' title='bbox 424 1076 502 1129; x_wconf 85' lang='lat' dir='ltr'><strong>Deo</strong></span> <span class='ocrx_word' id='word_1_73' title='bbox 524 1088 567 1129; x_wconf 84' lang='lat' dir='ltr'><strong>es</strong></span> <span class='ocrx_word' id='word_1_74' title='bbox 580 1066 635 1152; x_wconf 73' lang='lat' dir='ltr'><strong>tli.</strong></span> <span class='ocrx_word' id='word_1_75' title='bbox 651 1088 677 1130; x_wconf 92' lang='lat' dir='ltr'><strong>e.</strong></span> <span class='ocrx_word' id='word_1_76' title='bbox 691 1066 744 1152; x_wconf 92' lang='lat' dir='ltr'><strong>qui</strong></span> <span class='ocrx_word' id='word_1_77' title='bbox 755 1067 862 1133; x_wconf 88' lang='lat' dir='ltr'><strong>divino</strong></span> <span class='ocrx_word' id='word_1_78' title='bbox 870 1067 985 1151; x_wconf 90' lang='lat' dir='ltr'><strong>spiritu</strong></span> <span class='ocrx_word' id='word_1_79' title='bbox 993 1068 1158 1151; x_wconf 86' lang='lat' dir='ltr'><strong>praeditus</strong></span> <span class='ocrx_word' id='word_1_80' title='bbox 1175 1078 1227 1132; x_wconf 89' lang='lat' dir='ltr'><strong>est</strong></span> <span class='ocrx_word' id='word_1_81' title='bbox 1242 1079 1275 1132; x_wconf 90' lang='lat' dir='ltr'><strong>et</strong></span> 
     </span>
     <span class='ocr_line' id='line_1_10' title="bbox 73 1166 1275 1256; baseline 0.001 -23"><span class='ocrx_word' id='word_1_82' title='bbox 73 1166 529 1256; x_wconf 77' lang='lat' dir='ltr'><strong>impellitur)‚oertum1)ei</strong></span> <span class='ocrx_word' id='word_1_83' title='bbox 547 1175 673 1236; x_wconf 78' lang='lat' dir='ltr'><strong>audit.</strong></span> <span class='ocrx_word' id='word_1_84' title='bbox 687 1180 917 1253; x_wconf 81' lang='lat' dir='ltr'><strong>Propterea</strong></span> <span class='ocrx_word' id='word_1_85' title='bbox 932 1194 1093 1237; x_wconf 79' lang='lat' dir='ltr'><strong>oosnon</strong></span> <span class='ocrx_word' id='word_1_86' title='bbox 1107 1175 1275 1246; x_wconf 74' lang='lat' dir='ltr'><strong>auditis,</strong></span> 
     </span>
     <span class='ocr_line' id='line_1_11' title="bbox 74 1278 1273 1359; baseline 0.001 -22"><span class='ocrx_word' id='word_1_87' title='bbox 74 1284 169 1358; x_wconf 79' lang='lat' dir='ltr'><strong>quta</strong></span> <span class='ocrx_word' id='word_1_88' title='bbox 191 1297 243 1339; x_wconf 73' lang='lat' dir='ltr'><strong>eo</strong></span> <span class='ocrx_word' id='word_1_89' title='bbox 267 1284 347 1338; x_wconf 83' lang='lat' dir='ltr'><strong>Deo</strong></span> <span class='ocrx_word' id='word_1_90' title='bbox 368 1297 449 1339; x_wconf 78' lang='lat' dir='ltr'><strong>noo</strong></span> <span class='ocrx_word' id='word_1_91' title='bbox 471 1283 583 1338; x_wconf 74' lang='lat' dir='ltr'><strong>estis</strong></span> <span class='ocrx_word' id='word_1_92' title='bbox 603 1285 642 1349; x_wconf 79' lang='lat'><strong>²).</strong></span> <span class='ocrx_word' id='word_1_93' title='bbox 665 1285 705 1340; x_wconf 81' lang='lat' dir='ltr'><strong>st</strong></span> <span class='ocrx_word' id='word_1_94' title='bbox 733 1282 829 1359; x_wconf 82' lang='lat' dir='ltr'><strong>quis</strong></span> <span class='ocrx_word' id='word_1_95' title='bbox 857 1278 1043 1340; x_wconf 82' lang='lat' dir='ltr'><strong>soluerit</strong></span> <span class='ocrx_word' id='word_1_96' title='bbox 1071 1280 1273 1341; x_wconf 78' lang='lat' dir='ltr'><strong>volunta-</strong></span> 
     </span>
     <span class='ocr_line' id='line_1_12' title="bbox 76 1374 1272 1463; baseline 0.003 -22"><span class='ocrx_word' id='word_1_97' title='bbox 76 1390 154 1442; x_wconf 85' lang='lat' dir='ltr'><strong>tem</strong></span> <span class='ocrx_word' id='word_1_98' title='bbox 184 1386 277 1460; x_wconf 84' lang='lat' dir='ltr'><strong>ejus</strong></span> <span class='ocrx_word' id='word_1_99' title='bbox 310 1380 489 1463; x_wconf 74' lang='lat' dir='ltr'><strong>(Patris)</strong></span> <span class='ocrx_word' id='word_1_100' title='bbox 525 1385 697 1460; x_wconf 81' lang='lat' dir='ltr'><strong>facere:</strong></span> <span class='ocrx_word' id='word_1_101' title='bbox 731 1374 962 1461; x_wconf 66' lang='lat' dir='ltr'><strong>coyno&#39;soet</strong></span> <span class='ocrx_word' id='word_1_102' title='bbox 986 1385 1031 1445; x_wconf 86' lang='lat' dir='ltr'><strong>de</strong></span> <span class='ocrx_word' id='word_1_103' title='bbox 1066 1385 1272 1457; x_wconf 77' lang='lat' dir='ltr'><strong>doctrino,</strong></span> 
     </span>
     <span class='ocr_line' id='line_1_13' title="bbox 77 1485 1273 1571; baseline 0.003 -26"><span class='ocrx_word' id='word_1_104' title='bbox 77 1493 211 1546; x_wconf 82' lang='lat' dir='ltr'><strong>atrum</strong></span> <span class='ocrx_word' id='word_1_105' title='bbox 239 1507 289 1547; x_wconf 75' lang='lat' dir='ltr'><strong>ear</strong></span> <span class='ocrx_word' id='word_1_106' title='bbox 319 1493 401 1547; x_wconf 86' lang='lat' dir='ltr'><strong>Deo</strong></span> <span class='ocrx_word' id='word_1_107' title='bbox 430 1488 507 1562; x_wconf 76' lang='lat' dir='ltr'><strong>stt,</strong></span> <span class='ocrx_word' id='word_1_108' title='bbox 538 1506 588 1546; x_wconf 81' lang='lat' dir='ltr'><strong>an</strong></span> <span class='ocrx_word' id='word_1_109' title='bbox 611 1507 683 1564; x_wconf 67' lang='lat' dir='ltr'><strong>epo</strong></span> <span class='ocrx_word' id='word_1_110' title='bbox 705 1509 725 1546; x_wconf 84' lang='lat' dir='ltr'><strong>a</strong></span> <span class='ocrx_word' id='word_1_111' title='bbox 747 1508 801 1547; x_wconf 85' lang='lat' dir='ltr'><strong>me</strong></span> <span class='ocrx_word' id='word_1_112' title='bbox 823 1491 915 1569; x_wconf 80' lang='lat' dir='ltr'><strong>ipso</strong></span> <span class='ocrx_word' id='word_1_113' title='bbox 937 1490 1144 1569; x_wconf 81' lang='lat' dir='ltr'><strong>toquar³).</strong></span> <span class='ocrx_word' id='word_1_114' title='bbox 1167 1485 1273 1571; x_wconf 81' lang='lat' dir='ltr'><strong>Atque</strong></span> 
     </span>
     <span class='ocr_line' id='line_1_14' title="bbox 78 1588 1279 1676; baseline -0.001 -24"><span class='ocrx_word' id='word_1_115' title='bbox 78 1589 322 1672; x_wconf 79' lang='lat' dir='ltr'><strong>Apostolus:</strong></span> <span class='ocrx_word' id='word_1_116' title='bbox 357 1589 434 1663; x_wconf 78' lang='lat' dir='ltr'><strong>Qut</strong></span> <span class='ocrx_word' id='word_1_117' title='bbox 465 1596 579 1651; x_wconf 77' lang='lat' dir='ltr'><strong>novit</strong></span> <span class='ocrx_word' id='word_1_118' title='bbox 604 1598 729 1652; x_wconf 82' lang='lat' dir='ltr'><strong>neum</strong></span> <span class='ocrx_word' id='word_1_119' title='bbox 758 1589 828 1675; x_wconf 80' lang='lat' dir='ltr'><strong>(qui</strong></span> <span class='ocrx_word' id='word_1_120' title='bbox 857 1590 961 1654; x_wconf 87' lang='lat' dir='ltr'><strong>Deum</strong></span> <span class='ocrx_word' id='word_1_121' title='bbox 983 1588 1120 1676; x_wconf 81' lang='lat' dir='ltr'><strong>diligit),</strong></span> <span class='ocrx_word' id='word_1_122' title='bbox 1150 1596 1279 1653; x_wconf 70' lang='lat' dir='ltr'><strong>audit</strong></span> 
     </span>
     <span class='ocr_line' id='line_1_15' title="bbox 78 1696 1275 1775; baseline 0.002 -20"><span class='ocrx_word' id='word_1_123' title='bbox 78 1715 171 1756; x_wconf 82' lang='lat' dir='ltr'><strong>nos:</strong></span> <span class='ocrx_word' id='word_1_124' title='bbox 194 1698 262 1775; x_wconf 79' lang='lat' dir='ltr'><strong>qui</strong></span> <span class='ocrx_word' id='word_1_125' title='bbox 282 1715 366 1756; x_wconf 79' lang='lat' dir='ltr'><strong>non</strong></span> <span class='ocrx_word' id='word_1_126' title='bbox 388 1702 453 1755; x_wconf 80' lang='lat' dir='ltr'><strong>est</strong></span> <span class='ocrx_word' id='word_1_127' title='bbox 472 1716 523 1754; x_wconf 77' lang='lat' dir='ltr'><strong>eo</strong></span> <span class='ocrx_word' id='word_1_128' title='bbox 543 1696 638 1768; x_wconf 83' lang='lat' dir='ltr'><strong>Deo,</strong></span> <span class='ocrx_word' id='word_1_129' title='bbox 661 1716 742 1757; x_wconf 83' lang='lat' dir='ltr'><strong>non</strong></span> <span class='ocrx_word' id='word_1_130' title='bbox 764 1698 881 1757; x_wconf 76' lang='lat' dir='ltr'><strong>eredit</strong></span> <span class='ocrx_word' id='word_1_131' title='bbox 898 1717 993 1760; x_wconf 82' lang='lat' dir='ltr'><strong>nos:</strong></span> <span class='ocrx_word' id='word_1_132' title='bbox 1015 1700 1049 1758; x_wconf 80' lang='lat' dir='ltr'><strong>tn</strong></span> <span class='ocrx_word' id='word_1_133' title='bbox 1066 1697 1275 1772; x_wconf 71' lang='lat' dir='ltr'><strong>doocoqnos·</strong></span> 
     </span>
     <span class='ocr_line' id='line_1_16' title="bbox 80 1797 1274 1886; baseline 0.003 -27"><span class='ocrx_word' id='word_1_134' title='bbox 80 1804 179 1861; x_wconf 82' lang='lat' dir='ltr'><strong>cimus</strong></span> <span class='ocrx_word' id='word_1_135' title='bbox 196 1803 343 1880; x_wconf 79' lang='lat' dir='ltr'><strong>spiritum</strong></span> <span class='ocrx_word' id='word_1_136' title='bbox 360 1802 518 1872; x_wconf 78' lang='lat' dir='ltr'><strong>veritatis,</strong></span> <span class='ocrx_word' id='word_1_137' title='bbox 541 1806 574 1859; x_wconf 87' lang='lat' dir='ltr'><strong>et</strong></span> <span class='ocrx_word' id='word_1_138' title='bbox 589 1803 735 1879; x_wconf 79' lang='lat' dir='ltr'><strong>spiritum</strong></span> <span class='ocrx_word' id='word_1_139' title='bbox 756 1804 875 1861; x_wconf 80' lang='lat' dir='ltr'><strong>erroris</strong></span> <span class='ocrx_word' id='word_1_140' title='bbox 898 1798 933 1884; x_wconf 75' lang='lat' dir='ltr'><strong>(i.</strong></span> <span class='ocrx_word' id='word_1_141' title='bbox 947 1820 974 1863; x_wconf 91' lang='lat' dir='ltr'><strong>e.</strong></span> <span class='ocrx_word' id='word_1_142' title='bbox 991 1797 1043 1884; x_wconf 87' lang='lat' dir='ltr'><strong>qui</strong></span> <span class='ocrx_word' id='word_1_143' title='bbox 1060 1807 1196 1886; x_wconf 81' lang='lat' dir='ltr'><strong>agantur</strong></span> <span class='ocrx_word' id='word_1_144' title='bbox 1212 1797 1274 1882; x_wconf 86' lang='lat' dir='ltr'><strong>spi·</strong></span> 
     </span>
     <span class='ocr_line' id='line_1_17' title="bbox 80 1900 1274 1986; baseline 0.001 -22"><span class='ocrx_word' id='word_1_145' title='bbox 80 1901 139 1965; x_wconf 90' lang='lat' dir='ltr'><strong>ritu</strong></span> <span class='ocrx_word' id='word_1_146' title='bbox 151 1902 315 1976; x_wconf 83' lang='lat' dir='ltr'><strong>veritatis,</strong></span> <span class='ocrx_word' id='word_1_147' title='bbox 338 1912 371 1965; x_wconf 90' lang='lat' dir='ltr'><strong>et</strong></span> <span class='ocrx_word' id='word_1_148' title='bbox 389 1900 565 1986; x_wconf 83' lang='lat' dir='ltr'><strong>quispiritu</strong></span> <span class='ocrx_word' id='word_1_149' title='bbox 584 1900 722 1982; x_wconf 84' lang='lat' dir='ltr'><strong>erroris)</strong></span> <span class='ocrx_word' id='word_1_150' title='bbox 738 1901 772 1986; x_wconf 75' lang='lat'><strong>⁴).</strong></span> <span class='ocrx_word' id='word_1_151' title='bbox 800 1901 863 1964; x_wconf 78' lang='lat' dir='ltr'><strong>Et:</strong></span> <span class='ocrx_word' id='word_1_152' title='bbox 896 1908 1035 1968; x_wconf 74' lang='lat' dir='ltr'><strong>Omnis</strong></span> <span class='ocrx_word' id='word_1_153' title='bbox 1070 1905 1143 1983; x_wconf 76' lang='lat' dir='ltr'><strong>qui</strong></span> <span class='ocrx_word' id='word_1_154' title='bbox 1172 1905 1274 1966; x_wconf 78' lang='lat' dir='ltr'><strong>attt-</strong></span> 
     </span>
     <span class='ocr_line' id='line_1_18' title="bbox 85 2009 1075 2086; baseline -0.001 -16"><span class='ocrx_word' id='word_1_155' title='bbox 85 2015 150 2086; x_wconf 70' lang='lat' dir='ltr'><strong>ytt,</strong></span> <span class='ocrx_word' id='word_1_156' title='bbox 174 2028 229 2070; x_wconf 75' lang='lat' dir='ltr'><strong>es</strong></span> <span class='ocrx_word' id='word_1_157' title='bbox 250 2009 332 2070; x_wconf 82' lang='lat' dir='ltr'><strong>Deo</strong></span> <span class='ocrx_word' id='word_1_158' title='bbox 354 2019 475 2070; x_wconf 82' lang='lat' dir='ltr'><strong>natus</strong></span> <span class='ocrx_word' id='word_1_159' title='bbox 497 2013 577 2076; x_wconf 85' lang='lat' dir='ltr'><strong>est,</strong></span> <span class='ocrx_word' id='word_1_160' title='bbox 600 2017 641 2069; x_wconf 89' lang='lat' dir='ltr'><strong>et</strong></span> <span class='ocrx_word' id='word_1_161' title='bbox 662 2013 878 2083; x_wconf 72' lang='lat' dir='ltr'><strong>coquosott</strong></span> <span class='ocrx_word' id='word_1_162' title='bbox 898 2017 1019 2071; x_wconf 83' lang='lat' dir='ltr'><strong>Deum</strong></span> <span class='ocrx_word' id='word_1_163' title='bbox 1036 2015 1075 2082; x_wconf 80' lang='lat'><strong>³).</strong></span> 
     </span>
    </p>
   </div>
   <div class='ocr_carea' id='block_1_3' title="bbox 527 2191 826 2278">
    <p class='ocr_par' dir='ltr' id='par_1_3' title="bbox 527 2191 826 2278">
     <span class='ocr_line' id='line_1_19' title="bbox 527 2191 826 2278; baseline -0.007 -14"><span class='ocrx_word' id='word_1_164' title='bbox 527 2197 556 2278; x_wconf 71' lang='lat' dir='ltr'><strong>t.</strong></span> <span class='ocrx_word' id='word_1_165' title='bbox 575 2195 613 2264; x_wconf 73' lang='lat'><strong>2.</strong></span> <span class='ocrx_word' id='word_1_166' title='bbox 637 2191 826 2263; x_wconf 73' lang='lat' dir='ltr'><strong>Divisio.</strong></span> 
     </span>
    </p>
   </div>
   <div class='ocr_carea' id='block_1_4' title="bbox 91 2360 1276 2552">
    <p class='ocr_par' dir='ltr' id='par_1_4' title="bbox 91 2360 1276 2552">
     <span class='ocr_line' id='line_1_20' title="bbox 162 2360 1276 2448; baseline 0 -19"><span class='ocrx_word' id='word_1_167' title='bbox 162 2364 200 2429; x_wconf 84' lang='lat' dir='ltr'><strong>Si</strong></span> <span class='ocrx_word' id='word_1_168' title='bbox 212 2364 318 2429; x_wconf 89' lang='lat' dir='ltr'><strong>ideam</strong></span> <span class='ocrx_word' id='word_1_169' title='bbox 332 2363 394 2427; x_wconf 87' lang='lat' dir='ltr'><strong>Dei</strong></span> <span class='ocrx_word' id='word_1_170' title='bbox 411 2363 594 2426; x_wconf 77' lang='lat' dir='ltr'><strong>adeun-atius</strong></span> <span class='ocrx_word' id='word_1_171' title='bbox 610 2362 866 2426; x_wconf 86' lang='lat' dir='ltr'><strong>consideramus:</strong></span> <span class='ocrx_word' id='word_1_172' title='bbox 889 2360 1119 2426; x_wconf 83' lang='lat' dir='ltr'><strong>trinmoments</strong></span> <span class='ocrx_word' id='word_1_173' title='bbox 1132 2364 1276 2448; x_wconf 87' lang='lat' dir='ltr'><strong>ejusdem</strong></span> 
     </span>
     <span class='ocr_line' id='line_1_21' title="bbox 91 2464 1275 2552; baseline 0.005 -25"><span class='ocrx_word' id='word_1_174' title='bbox 91 2464 189 2543; x_wconf 87' lang='lat' dir='ltr'><strong>laeile,</strong></span> <span class='ocrx_word' id='word_1_175' title='bbox 211 2479 321 2552; x_wconf 86' lang='lat' dir='ltr'><strong>utpote</strong></span> <span class='ocrx_word' id='word_1_176' title='bbox 346 2489 383 2532; x_wconf 88' lang='lat' dir='ltr'><strong>se</strong></span> <span class='ocrx_word' id='word_1_177' title='bbox 407 2467 501 2531; x_wconf 91' lang='lat' dir='ltr'><strong>nobis</strong></span> <span class='ocrx_word' id='word_1_178' title='bbox 523 2467 614 2552; x_wconf 87' lang='lat' dir='ltr'><strong>quasi</strong></span> <span class='ocrx_word' id='word_1_179' title='bbox 640 2478 754 2550; x_wconf 89' lang='lat' dir='ltr'><strong>sponte</strong></span> <span class='ocrx_word' id='word_1_180' title='bbox 787 2466 1009 2542; x_wconf 86' lang='lat' dir='ltr'><strong>obtrudentia,</strong></span> <span class='ocrx_word' id='word_1_181' title='bbox 1042 2464 1275 2544; x_wconf 78' lang='lat' dir='ltr'><strong>discernimus,</strong></span> 
     </span>
    </p>
   </div>
   <div class='ocr_carea' id='block_1_5' title="bbox 37 2568 1279 3368">
    <p class='ocr_par' dir='ltr' id='par_1_5' title="bbox 37 2568 1279 3368">
     <span class='ocr_line' id='line_1_22' title="bbox 86 2568 1275 2656; baseline 0.003 -26"><span class='ocrx_word' id='word_1_182' title='bbox 86 2572 206 2638; x_wconf 83' lang='lat' dir='ltr'><strong>scilicet</strong></span> <span class='ocrx_word' id='word_1_183' title='bbox 232 2573 468 2637; x_wconf 78' lang='lat' dir='ltr'><strong>absolutam</strong></span> <span class='ocrx_word' id='word_1_184' title='bbox 499 2573 569 2656; x_wconf 92' lang='lat' dir='ltr'><strong>ejus</strong></span> <span class='ocrx_word' id='word_1_185' title='bbox 597 2570 896 2646; x_wconf 83' lang='lat' dir='ltr'><strong>existentiam,</strong></span> <span class='ocrx_word' id='word_1_186' title='bbox 919 2568 1149 2638; x_wconf 86' lang='lat' dir='ltr'><strong>essentiam</strong></span> <span class='ocrx_word' id='word_1_187' title='bbox 1170 2583 1203 2636; x_wconf 89' lang='lat' dir='ltr'><strong>et</strong></span> <span class='ocrx_word' id='word_1_188' title='bbox 1223 2570 1275 2634; x_wconf 91' lang='lat' dir='ltr'><strong>vi·</strong></span> 
     </span>
     <span class='ocr_line' id='line_1_23' title="bbox 82 2673 1278 2764; baseline 0 -25"><span class='ocrx_word' id='word_1_189' title='bbox 82 2684 168 2742; x_wconf 80' lang='lat' dir='ltr'><strong>tam.</strong></span> <span class='ocrx_word' id='word_1_190' title='bbox 192 2679 396 2764; x_wconf 78' lang='lat' dir='ltr'><strong>Quapropter</strong></span> <span class='ocrx_word' id='word_1_191' title='bbox 412 2688 584 2742; x_wconf 78' lang='lat' dir='ltr'><strong>tractatum</strong></span> <span class='ocrx_word' id='word_1_192' title='bbox 599 2687 803 2760; x_wconf 82' lang='lat' dir='ltr'><strong>praesentem</strong></span> <span class='ocrx_word' id='word_1_193' title='bbox 824 2677 863 2741; x_wconf 90' lang='lat' dir='ltr'><strong>de</strong></span> <span class='ocrx_word' id='word_1_194' title='bbox 880 2675 952 2740; x_wconf 89' lang='lat' dir='ltr'><strong>Deo</strong></span> <span class='ocrx_word' id='word_1_195' title='bbox 968 2673 1137 2740; x_wconf 89' lang='lat' dir='ltr'><strong>dividimus</strong></span> <span class='ocrx_word' id='word_1_196' title='bbox 1156 2674 1189 2741; x_wconf 93' lang='lat' dir='ltr'><strong>in</strong></span> <span class='ocrx_word' id='word_1_197' title='bbox 1208 2686 1278 2740; x_wconf 88' lang='lat' dir='ltr'><strong>tres</strong></span> 
     </span>
     <span class='ocr_line' id='line_1_24' title="bbox 73 2780 462 2865; baseline 0.01 -26"><span class='ocrx_word' id='word_1_198' title='bbox 73 2780 260 2855; x_wconf 73' lang='lat' dir='ltr'><strong>sectiones,</strong></span> <span class='ocrx_word' id='word_1_199' title='bbox 282 2780 315 2844; x_wconf 94' lang='lat' dir='ltr'><strong>in</strong></span> <span class='ocrx_word' id='word_1_200' title='bbox 331 2800 462 2865; x_wconf 87' lang='lat' dir='ltr'><strong>quarum</strong></span> 
     </span>
     <span class='ocr_line' id='line_1_25' title="bbox 164 2874 1195 2972; baseline -0.004 -21"><span class='ocrx_word' id='word_1_201' title='bbox 164 2889 191 2952; x_wconf 86' lang='lat'><strong>1.</strong></span> <span class='ocrx_word' id='word_1_202' title='bbox 213 2874 348 2972; x_wconf 78' lang='lat' dir='ltr'><strong>egemus</strong></span> <span class='ocrx_word' id='word_1_203' title='bbox 370 2885 416 2948; x_wconf 91' lang='lat' dir='ltr'><strong>de</strong></span> <span class='ocrx_word' id='word_1_204' title='bbox 438 2883 516 2949; x_wconf 90' lang='lat' dir='ltr'><strong>Dei</strong></span> <span class='ocrx_word' id='word_1_205' title='bbox 538 2882 712 2948; x_wconf 89' lang='lat' dir='ltr'><strong>notione</strong></span> <span class='ocrx_word' id='word_1_206' title='bbox 735 2894 862 2968; x_wconf 84' lang='lat' dir='ltr'><strong>atque</strong></span> <span class='ocrx_word' id='word_1_207' title='bbox 885 2882 1146 2956; x_wconf 67' lang='lat' dir='ltr'><strong>existentiam</strong></span> <span class='ocrx_word' id='word_1_208' title='bbox 1163 2882 1195 2947; x_wconf 92' lang='lat' dir='ltr'><strong>in</strong></span> 
     </span>
     <span class='ocr_line' id='line_1_26' title="bbox 167 2987 1278 3072; baseline -0.006 -16"><span class='ocrx_word' id='word_1_209' title='bbox 167 2987 804 3072; x_wconf 78' lang='lat' dir='ltr'><strong>2.de1)eiinfinitepertecta</strong></span> <span class='ocrx_word' id='word_1_210' title='bbox 835 2988 1052 3063; x_wconf 81' lang='lat' dir='ltr'><strong>essentis,</strong></span> <span class='ocrx_word' id='word_1_211' title='bbox 1075 3006 1135 3052; x_wconf 89' lang='lat' dir='ltr'><strong>seu</strong></span> <span class='ocrx_word' id='word_1_212' title='bbox 1157 2988 1205 3051; x_wconf 92' lang='lat' dir='ltr'><strong>de</strong></span> <span class='ocrx_word' id='word_1_213' title='bbox 1227 2995 1278 3050; x_wconf 81' lang='lat' dir='ltr'><strong>at·</strong></span> 
     </span>
     <span class='ocr_line' id='line_1_27' title="bbox 50 3070 1002 3180; baseline 0.001 -24"><span class='ocrx_word' id='word_1_214' title='bbox 50 3090 262 3157; x_wconf 77' lang='lat' dir='ltr'><strong>tributis</strong></span> <span class='ocrx_word' id='word_1_215' title='bbox 284 3091 467 3180; x_wconf 83' lang='lat' dir='ltr'><strong>divinis3</strong></span> <span class='ocrx_word' id='word_1_216' title='bbox 491 3105 586 3178; x_wconf 82' lang='lat' dir='ltr'><strong>atque</strong></span> <span class='ocrx_word' id='word_1_217' title='bbox 603 3094 636 3158; x_wconf 94' lang='lat' dir='ltr'><strong>in</strong></span> <span class='ocrx_word' id='word_1_218' title='bbox 996 3070 1002 3092; x_wconf 64' lang='lat'><strong>⁴</strong></span> 
     </span>
     <span class='ocr_line' id='line_1_28' title="bbox 163 3194 1279 3285; baseline -0.01 -17"><span class='ocrx_word' id='word_1_219' title='bbox 163 3198 378 3268; x_wconf 72' lang='lat' dir='ltr'><strong>ananei</strong></span> <span class='ocrx_word' id='word_1_220' title='bbox 410 3199 606 3265; x_wconf 85' lang='lat' dir='ltr'><strong>absolute</strong></span> <span class='ocrx_word' id='word_1_221' title='bbox 647 3199 848 3285; x_wconf 84' lang='lat' dir='ltr'><strong>perlecta</strong></span> <span class='ocrx_word' id='word_1_222' title='bbox 877 3198 987 3273; x_wconf 87' lang='lat' dir='ltr'><strong>vita,</strong></span> <span class='ocrx_word' id='word_1_223' title='bbox 1020 3218 1079 3262; x_wconf 87' lang='lat' dir='ltr'><strong>seu</strong></span> <span class='ocrx_word' id='word_1_224' title='bbox 1119 3196 1165 3259; x_wconf 87' lang='lat' dir='ltr'><strong>de</strong></span> <span class='ocrx_word' id='word_1_225' title='bbox 1193 3194 1279 3258; x_wconf 82' lang='lat' dir='ltr'><strong>Deo</strong></span> 
     </span>
     <span class='ocr_line' id='line_1_29' title="bbox 37 3296 226 3368; baseline 0.011 -3"><span class='ocrx_word' id='word_1_226' title='bbox 37 3296 226 3368; x_wconf 76' lang='lat' dir='ltr'><strong>trinno</strong></span> 
     </span>
    </p>
   </div>
   <div class='ocr_carea' id='block_1_6' title="bbox 22 3470 329 3510">
    <p class='ocr_par' dir='ltr' id='par_1_6' title="bbox 22 3470 329 3510">
     <span class='ocr_line' id='line_1_30' title="bbox 22 3470 329 3510; baseline -0.003 1"><span class='ocrx_word' id='word_1_227' title='bbox 22 3470 329 3510; x_wconf 41' lang='grc' dir='ltr'><strong>..Νι--ι--ι</strong></span> 
     </span>
    </p>
   </div>
   <div class='ocr_carea' id='block_1_7' title="bbox 76 3549 511 3983">
    <p class='ocr_par' dir='ltr' id='par_1_7' title="bbox 76 3549 511 3983">
     <span class='ocr_line' id='line_1_31' title="bbox 92 3549 464 3622; baseline -0.013 -9"><span class='ocrx_word' id='word_1_228' title='bbox 92 3549 136 3620; x_wconf 82' lang='lat'><strong>¹)</strong></span> <span class='ocrx_word' id='word_1_229' title='bbox 157 3559 349 3622; x_wconf 59' lang='lat' dir='ltr'><strong>uacuas.</strong></span> <span class='ocrx_word' id='word_1_230' title='bbox 461 3615 464 3622; x_wconf 56' lang='grc'><strong>,</strong></span> 
     </span>
     <span class='ocr_line' id='line_1_32' title="bbox 85 3636 511 3711; baseline -0.007 -10"><span class='ocrx_word' id='word_1_231' title='bbox 85 3636 135 3709; x_wconf 74' lang='lat'><strong>²)</strong></span> <span class='ocrx_word' id='word_1_232' title='bbox 159 3650 244 3702; x_wconf 75' lang='lat' dir='ltr'><strong>toan.</strong></span> <span class='ocrx_word' id='word_1_233' title='bbox 261 3649 277 3700; x_wconf 85' lang='lat'><em>8</em></span> <span class='ocrx_word' id='word_1_234' title='bbox 283 3681 294 3710; x_wconf 85' lang='lat'><strong><em>,</em></strong></span> <span class='ocrx_word' id='word_1_235' title='bbox 308 3647 350 3701; x_wconf 76' lang='lat' dir='ltr'><strong>ts.</strong></span> <span class='ocrx_word' id='word_1_236' title='bbox 366 3645 409 3699; x_wconf 73' lang='lat' dir='ltr'><strong>(tt.</strong></span> <span class='ocrx_word' id='word_1_237' title='bbox 422 3648 454 3711; x_wconf 73' lang='grc' dir='ltr'><strong>ὀ,</strong></span> <span class='ocrx_word' id='word_1_238' title='bbox 468 3647 511 3698; x_wconf 77' lang='lat' dir='ltr'><strong>to.</strong></span> 
     </span>
     <span class='ocr_line' id='line_1_33' title="bbox 79 3719 357 3798; baseline -0.022 -4"><span class='ocrx_word' id='word_1_239' title='bbox 79 3719 132 3794; x_wconf 75' lang='grc'><strong>3)</strong></span> <span class='ocrx_word' id='word_1_240' title='bbox 159 3741 243 3791; x_wconf 73' lang='lat' dir='ltr'><strong>som.</strong></span> <span class='ocrx_word' id='word_1_241' title='bbox 260 3739 293 3798; x_wconf 77' lang='lat' dir='ltr'><strong>a,</strong></span> <span class='ocrx_word' id='word_1_242' title='bbox 313 3737 357 3788; x_wconf 75' lang='lat' dir='ltr'><strong>m·</strong></span> 
     </span>
     <span class='ocr_line' id='line_1_34' title="bbox 77 3813 338 3886; baseline -0.046 0"><span class='ocrx_word' id='word_1_243' title='bbox 77 3813 135 3886; x_wconf 69' lang='lat'><strong>⁴)</strong></span> <span class='ocrx_word' id='word_1_244' title='bbox 163 3828 247 3881; x_wconf 75' lang='lat' dir='ltr'><strong>Josn.</strong></span> <span class='ocrx_word' id='word_1_245' title='bbox 265 3825 338 3884; x_wconf 70' lang='grc' dir='ltr'><strong>Μ.</strong></span> 
     </span>
     <span class='ocr_line' id='line_1_35' title="bbox 76 3899 507 3983; baseline -0.002 -8"><span class='ocrx_word' id='word_1_246' title='bbox 76 3899 132 3975; x_wconf 82' lang='lat'><strong>⁵)</strong></span> <span class='ocrx_word' id='word_1_247' title='bbox 169 3922 193 3978; x_wconf 86' lang='lat' dir='ltr'><strong>t.</strong></span> <span class='ocrx_word' id='word_1_248' title='bbox 209 3920 291 3973; x_wconf 76' lang='lat' dir='ltr'><strong>toan·</strong></span> <span class='ocrx_word' id='word_1_249' title='bbox 306 3911 333 3975; x_wconf 65' lang='lat'><strong>⁴2</strong></span> <span class='ocrx_word' id='word_1_250' title='bbox 347 3915 375 3965; x_wconf 82' lang='lat'><strong>⁷·</strong></span> <span class='ocrx_word' id='word_1_251' title='bbox 480 3920 507 3983; x_wconf 65' lang='grc'><strong>’“,,“</strong></span> 
     </span>
    </p>
   </div>
   <div class='ocr_carea' id='block_1_8' title="bbox 0 0 1504 5168">
    <p class='ocr_par' dir='ltr' id='par_1_8' title="bbox 0 0 1504 5168">
     <span class='ocr_line' id='line_1_36' title="bbox 0 0 1504 5168; baseline 0 0"><span class='ocrx_word' id='word_1_252' title='bbox 0 0 1504 5168; x_wconf 95' lang='lat' dir='ltr'><strong> </strong></span> 
     </span>
    </p>
   </div>
  </div>
 </body>
</html>
