2926 5168
115 341 186 406 tus,
204 328 379 399 Lantranci
391 330 585 418 discipulus,
607 345 724 419 postea
738 334 918 401 Monachus
935 347 969 400 at
991 335 1216 401 Sclrolastious
1230 333 1314 399 Boc·

117 442 247 512 censts,
273 450 371 524 atque
391 439 539 514 tandem,
561 451 732 525 postquam
763 440 876 504 Abbas
900 441 1004 505 lactus
1037 439 1162 514 fuerat,
1202 441 1326 526 pariter

119 541 394 627 archiepiscopus
425 542 688 620 cantuariensis,
710 545 760 609 vir
794 566 857 609 non
888 544 994 609 minus
1031 545 1119 610 vitae
1147 545 1327 616 sanctitate,

120 668 215 732 quam
234 646 366 735 ingenio
399 648 559 714 acerrimo
586 662 619 714 et
653 650 808 736 singulari
843 649 989 715 doctrina
1016 649 1174 724 celebris,
1196 648 1328 734 quinon

121 751 249 838 quidem
269 753 455 819 universam
474 753 549 819 fidei
562 755 751 828 doctrinam,
774 766 825 819 ast
839 753 1034 839 principales
1054 755 1124 838 ejus
1140 765 1252 839 partes
1263 752 1331 837 pbi-

124 857 292 942 losophice
305 859 524 943 pertractavit
547 859 657 944 Opera
675 862 744 944 ejus
759 859 886 944 potiora
904 873 998 925 snrrt:
1029 860 1266 939 Msaotops‘sas,
1298 857 1331 921 in

124 984 185 1048 quo
201 962 264 1027 Dei
284 963 459 1028 existentia
485 975 518 1028 et
543 964 708 1040 attributa,
732 986 792 1030 nec
817 987 882 1029 uon
904 964 1013 1030 divina
1029 963 1177 1029 Trinitas
1192 962 1334 1048 pbiloso-

125 1068 220 1151 pbice
235 1067 498 1150 demonstratum
523 1073 745 1151 Prostays‘am,
765 1070 798 1134 in
820 1091 882 1155 quo
904 1091 963 1154 pro
981 1069 1044 1134 Dei
1069 1067 1244 1133 existentia
1266 1065 1336 1130 uni·

127 1192 200 1236 cum
211 1183 449 1260 argumentum,
466 1174 550 1258 quod
564 1175 651 1238 nullo
664 1173 726 1239 alio
745 1173 898 1260 indigeat,
920 1174 1097 1239 sicdictum
1117 1170 1337 1258 ontologicum

128 1276 447 1361 scilicetexponitur,
468 1277 520 1342 cui
530 1278 764 1342 acceditLider
773 1289 884 1343 cantra
899 1286 1119 1361 insipientes,
1132 1277 1185 1363 qui
1199 1287 1251 1340 est
1263 1294 1338 1358 apo·

129 1381 292 1470 logatione
305 1382 470 1471 Proslogii
477 1407 493 1464 ;
514 1384 688 1466 Lttrtgauo
706 1392 817 1446 eontra
834 1385 991 1466 Gentiles,
1009 1381 1290 1448 aurDeastsomo?
1308 1378 1340 1443 in

133 1488 246 1572 quibus
267 1487 455 1562 rationibus,
483 1507 501 1552 e
530 1499 645 1552 natura
666 1488 716 1553 rei
737 1488 895 1565 deductis,
915 1487 1116 1562 ostenditur,
1138 1485 1255 1551 Filium
1277 1481 1340 1547 Dei

134 1605 306 1677 propterea
319 1591 483 1657 bominem
509 1591 581 1657 lieri
601 1593 768 1668 debuisse,
801 1594 874 1679 quia
899 1593 1045 1658 nonnissi
1071 1593 1132 1657 hac
1158 1587 1342 1655 conditione

135 1718 239 1784 genus
266 1699 437 1762 humanum
463 1719 482 1763 a
512 1710 647 1782 peccato
670 1698 820 1773 liberari,
842 1699 979 1784 Deoque
1003 1695 1156 1762 satisfieri
1183 1692 1344 1779 pomerit;

139 1807 185 1865 ns
200 1814 355 1883 concepta
367 1793 519 1882 oirainati
536 1811 568 1868 et
585 1807 624 1866 de
634 1812 766 1884 peceato
783 1809 934 1882 enatasti
949 1806 1041 1884 liter,
1056 1807 1089 1864 ln
1103 1821 1166 1888 quo
1186 1808 1345 1863 monstra·

138 1918 200 1979 tur,
223 1927 281 1971 cnr
306 1906 421 1971 Adami
444 1919 615 1991 peccatum
638 1909 784 1972 omnibus
805 1907 1000 1982 bominibus,
1023 1906 1197 1972 infantibus
1220 1920 1347 1989 quoque

139 2031 256 2076 recens
271 2011 370 2094 natis,
384 2010 478 2088 insit,
502 2010 634 2077 Christo
651 2012 877 2077 auteminesse
897 2036 963 2079 non
981 2013 1142 2098 potueritp
1167 2021 1202 2075 et
1214 2017 1349 2075 t'raata·

139 2126 192 2180 tas
211 2120 251 2180 de
267 2124 440 2180 eoncordia
446 2123 699 2198 praescientiae,
721 2131 753 2180 et
765 2122 1090 2199 praedestinationis,
1112 2138 1172 2180 aee
1188 2135 1255 2178 aaa
1268 2135 1351 2192 ara·

142 2228 206 2285 ttae
223 2223 285 2286 Det
302 2244 374 2285 eam
390 2225 490 2285 litera
516 2226 649 2286 arbitria
662 2222 700 2306 ¹).
721 2222 804 2287 Post
824 2223 1014 2287 Anselmnm
1036 2221 1240 2307 scripserunt
1270 2217 1351 2282 Hil-

143 2327 221 2390 deb
234 2337 376 2400 crtus,
404 2326 590 2411 Episcopus
610 2326 883 2402 Cenomanensis,
906 2339 1023 2411 postea
1039 2323 1265 2396 Turonensis,
1297 2319 1352 2405 qui

148 2432 316 2494 t'raetatas
325 2432 516 2510 tbeataqtaas
526 2429 719 2514 composuit,
737 2442 772 2494 et
792 2431 1002 2496 Robertus
1023 2429 1186 2502 Pullus,
1208 2426 1354 2512 quibem

144 2540 316 2598 tmttaram
335 2536 434 2596 libras
451 2547 521 2597 aeto
534 2534 740 2618 conscripsit.
766 2536 812 2598 At
836 2534 984 2599 omnibus
1008 2534 1147 2619 palmam
1177 2528 1356 2616 praeripuit

142 2639 303 2704 Petrus
324 2637 609 2713 Lombardus,
630 2638 664 2702 in
680 2659 762 2725 agro
780 2638 966 2704 Novarensi
979 2638 1013 2703 in
1029 2635 1228 2703 Lombardia
1250 2645 1355 2707 natus,

142 2743 337 2815 Abaelardi,
354 2743 529 2807 secundum
561 2742 642 2807 alios
679 2743 830 2828 Hugonis
871 2765 901 2808 a.
932 2743 968 2806 S.
998 2742 1133 2809 Victore
1172 2737 1359 2822 discipulus,

139 2859 263 2935 postea
277 2846 482 2935 Theologiae
496 2846 529 2912 in
544 2849 624 2912 urbe
641 2848 819 2913 Parisiensi
836 2848 1021 2921 Professor,
1044 2858 1078 2912 et
1093 2845 1223 2910 tandem
1238 2842 1360 2908 ibidem

139 2952 444 3038 Arcbiepiscopus,
467 2960 529 3028 ta.
553 2955 652 3025 not,
675 2955 773 3038 vulgo
799 2952 1017 3040 Magister
1039 2948 1351 3014 Sententiarum

135 3069 395 3145 nuncupatus,a
418 3058 531 3121 Lases
553 3066 689 3140 quatuor
710 3059 965 3135 Sententiarum,
984 3076 1065 3141 quas
1088 3075 1107 3119 e
1135 3052 1266 3139 scriptis
1298 3052 1363 3127 SS,

135 3164 302 3238 Patrum,
324 3162 498 3247 praecipue
521 3163 555 3226 S.
572 3162 756 3250 Augustini,
781 3162 929 3249 collegit,
961 3171 995 3224 st
1013 3160 1165 3224 methodo
1192 3155 1364 3223 dialectica

135 3267 322 3358 exposuit,
353 3281 409 3342 ut,
433 3268 697 3354 quemadmodum
723 3264 878 3341 affirmat,
907 3267 1092 3331 orthodoxa
1113 3263 1245 3350 ingenia
1270 3281 1364 3327 acue·

131 3386 265 3444 rentur
280 3375 321 3438 ad
336 3385 469 3438 strenue
485 3371 701 3437 revincendos
721 3370 925 3445 haereticos,
949 3370 1001 3457 qui
1018 3368 1161 3455 spinosis
1176 3365 1361 3432 subtilibus·

130 3504 213 3572 que
223 3477 470 3567 quaestionibus
488 3476 751 3542 tuncEcclesiam
758 3474 1118 3553 lacessebantssnilibet
1125 3485 1262 3559 quatuor
1270 3472 1366 3535 libro·

127 3609 225 3655 rum
240 3584 276 3650 in
285 3585 403 3649 multas
414 3582 583 3648 breviores
594 3581 769 3659 sectiones,
778 3601 858 3667 quae
871 3579 1094 3645 distinctiones
1104 3575 1366 3662 adpellantur,di·

127 3696 247 3760 visus
255 3700 316 3754 est.
326 3689 362 3775 ln
372 3686 629 3752 distinctionibus
639 3686 847 3772 quaestiones
859 3686 899 3749 ad
910 3685 1182 3768 materiam,quae
1193 3691 1365 3752 tractatur,

126 3795 361 3883 pertinentes
377 3804 567 3868 moventur,
590 3792 752 3866 rationes,
775 3812 819 3855 ex
843 3790 892 3854 rei
913 3800 1046 3863 natura,
1068 3790 1106 3855 S.
1132 3787 1322 3871 Scriptura,
1335 3794 1368 3846 et

123 3899 333 3987 praecipue
359 3897 490 3983 scriptis
513 3898 574 3962 SS.
600 3897 733 3961 Petrum
758 3896 965 3979 depromtae,
994 3892 1026 3955 in
1052 3901 1219 3976 utramque
1243 3900 1367 3974 partem

122 4014 395 4093 proponuntur,
417 4001 599 4067 contrariae
615 4001 792 4065 sententiae
807 4000 891 4063 iuter
907 4019 945 4062 se
958 3996 1187 4069 conciliantur,
1210 4006 1243 4058 et
1255 4013 1368 4057 secun·

124 4114 235 4178 dum
250 4107 528 4193 probatissimam,
550 4113 738 4193 plerumque
752 4105 928 4169 secundum
948 4103 982 4166 S.
1002 4099 1227 4188 Augrrstinnm,
1252 4095 1368 4162 decidi·

123 4226 229 4293 tur,
253 4215 422 4279 autetiam
446 4213 568 4278 decisio
592 4212 713 4296 jndicio
738 4209 871 4275 lectoris
904 4206 1100 4291 relinquitur.
1143 4205 1234 4270 Ordo
1262 4213 1369 4267 autem

128 4320 386 4394 materiarum,
409 4337 561 4404 quaeper
577 4328 713 4402 quatuor
734 4314 973 4380 Sententiarum
992 4311 1094 4376 libros
1118 4316 1369 4395 pertractantur,

205 4581 228 4646 ι)
244 4580 316 4648 opp.
333 4594 361 4646 p
377 4578 473 4632 a-as.
489 4578 602 4631 as-sa
618 4575 730 4628 sr-oo.
747 4574 857 4626 as-sa
873 4574 1000 4625 or-ros.
1019 4557 1164 4702 rmssrsg
1212 4631 1225 4659 ι
1274 4605 1277 4612 .
