2926 5168
135 194 198 262 iffi

118 352 231 410 tudine
245 369 322 411 vana
336 358 468 412 mentem
485 359 621 415 nostram
643 351 872 420 excruciemus,
895 350 950 410 sed
971 351 1038 410 Deo
1061 351 1188 421 contisi,
1213 352 1336 431 ejusque

131 458 272 534 regimini
291 457 516 534 sapientissimo
527 474 561 515 ac
575 457 696 532 optimc,
705 465 835 516 mentem
853 474 907 532 per
923 457 1023 515 omnia
1037 455 1168 516 hilarem
1180 476 1336 536 geramus,

130 572 159 620 et
175 564 206 620 in
227 563 381 630 omnibus,
405 579 595 638 quaecunque
615 562 792 640 obtingunt,
824 561 962 621 adversis
984 560 1020 621 ad
1034 579 1100 619 eum
1121 565 1335 638 respiciamus,

132 667 260 726 firmiter
281 667 436 742 persuasi,
459 668 558 726 omnia
580 668 617 725 ab
638 670 704 744 ipso
733 666 957 743 sapientissime
986 666 1138 737 ordinari,
1171 676 1203 726 et
1225 687 1263 727 nc
1286 686 1333 727 es·

128 773 238 850 pillum*
254 772 371 851 quidem
394 773 503 848 capitis
527 773 626 831 nestri
649 773 716 831 sine
738 773 836 848 ipsius
857 773 1012 830 vuluntate
1034 771 1174 831 decidere
1197 768 1235 852 ¹).

211 896 235 935 c.
259 877 399 937 Attamen
414 877 504 937 simul
519 878 712 936 temerariam
744 877 883 936 fiduciam
910 875 1059 944 vitemus,
1088 874 1140 934 sed
1163 877 1262 936 media
1285 897 1334 937 na·

127 982 237 1041 turadia
259 981 296 1041 ad
317 983 397 1042 mala
423 983 505 1041 vitae
534 979 624 1062 hujus
655 983 820 1041 avertenda
849 980 1006 1050 adhibere,
1042 983 1206 1057 praecipue
1235 992 1334 1043 autem

125 1087 366 1162 potentissimam
390 1105 476 1162 opem
499 1085 630 1144 divinam
653 1086 817 1163 implorare
838 1085 917 1144 haud
939 1088 1138 1164 negligamus.
1156 1086 1238 1162 Quae
1261 1108 1333 1148 vere

125 1210 143 1248 a
164 1192 252 1250 nubis
275 1192 396 1251 anferre
417 1191 584 1267 sapientiae
607 1191 725 1251 divinae
746 1193 845 1250 visum
868 1208 926 1249 non
949 1192 1059 1261 suerit,
1082 1201 1225 1271 tanquam
1247 1213 1332 1270 prae·

123 1296 201 1356 sidia
222 1297 259 1355 ad
280 1298 374 1357 vitam
397 1297 556 1356 honestam
571 1295 747 1369 ducendam,
768 1298 948 1373 beatamque
970 1298 1191 1373 assequendam
1209 1300 1329 1375 abipsa

123 1403 209 1461 nubis
236 1402 442 1478 suppeditata,
465 1398 616 1477 patienter
638 1402 847 1482 perieramus3
871 1420 938 1460 nam
959 1419 1024 1461 non
1052 1407 1131 1462 sunt
1155 1403 1331 1478 rcudiyuae

118 1510 287 1584 passiones
307 1506 404 1580 leuius
425 1507 593 1583 tenpore,
616 1505 661 1566 ad
675 1509 822 1584 suturam
842 1506 998 1583 pluriam,
1020 1524 1103 1587 quae
1137 1504 1328 1566 revelabitur

121 1631 157 1674 m
179 1610 270 1673 nudis
289 1606 326 1690 ¹).
