2926 5168
122 228 191 300 ttu-

123 400 163 447 eo
185 378 290 467 magle
313 389 380 446 tum
403 377 575 444 univemae
590 376 782 452 Ecclesiae,
813 387 879 443 tum
909 376 1045 465 singulis
1076 379 1341 466 ejusipastihusp

122 507 181 552 eeu
193 483 401 551 dioecesibus
414 482 616 550 accentibus
629 481 798 570 religiosis
811 503 969 567 praeesse
984 484 1163 551 creduntur
1182 487 1222 572 ¹),
1235 498 1342 573 atque·-

121 589 310 657 Michael
342 589 490 676 Angelus
513 598 626 652 custos
644 586 828 659 Ecclesiae,
850 586 981 672 quaein
1000 589 1108 655 locum
1133 592 1341 680 synagogen·

123 694 284 762 successit
293 741 307 775 ,
328 693 450 778 passim
469 693 607 758 hahetur
628 692 670 776 ²)a'

208 802 415 867 observ.
438 805 524 863 Deus
550 797 680 880 Angelis
703 801 876 872 mandevit,
903 811 938 860 ut
968 820 1024 862 nos
1048 805 1231 867 custodiant.
1263 807 1332 864 Dis·

123 928 227 973 camus
246 908 315 972 inde
334 915 471 969 nostram
488 909 678 986 dignitatem,
701 909 854 968 discamus
872 909 922 985 pie
942 908 1056 970 viuere.
1074 911 1110 970 st
1127 912 1210 970 enim
1230 930 1331 973 eoram

83 1016 86 1023 “
124 1015 191 1073 viro
209 1001 288 1075 bono
307 1022 397 1090 turpe
415 1013 483 1090 quid
497 1015 692 1074 ,committere
709 1014 930 1074 formidamus:
951 1015 1047 1074 multo
1067 1018 1166 1094 magis
1183 1034 1331 1078 veneram

122 1120 160 1181 da
175 1119 262 1182 nonis
278 1121 320 1179 sit
338 1115 498 1196 spirituum
514 1120 704 1196 praesentia,
727 1137 765 1178 ne
782 1119 851 1198 quid
870 1129 959 1196 turpe
974 1120 1056 1179 dictu
1070 1122 1214 1181 velfactu
1231 1124 1263 1181 in
1284 1141 1331 1183 no·

121 1223 170 1283 bis
189 1221 367 1301 advertant,
389 1243 446 1302 quo
470 1243 490 1295 a
514 1225 601 1284 nobis
629 1226 791 1301 pellentur.
813 1227 1002 1302 Eleganter,
1030 1235 1065 1284 ut
1086 1229 1184 1300 solet,
1206 1229 1241 1287 in
1255 1229 1340 1290 hsue·

122 1345 188 1389 rem
203 1329 250 1394 ait.
267 1329 531 1392 heruardus:
550 1326 768 1405 dnqels'saass'a
789 1329 953 1390 mandavit
974 1334 1019 1415 dc,
1032 1335 1078 1400 te,
1100 1340 1139 1392 ut
1154 1333 1338 1394 castodtnnt‘

121 1437 152 1492 te
167 1435 203 1493 s'n
217 1436 364 1497 ematibm
377 1436 440 1497 otis
462 1436 535 1496 tuis.
559 1431 720 1506 (imam
736 1434 794 1494 ties·
807 1433 897 1494 debet
907 1434 967 1494 leae
984 1435 1114 1496 verdum
1136 1438 1266 1514 inferre
1278 1439 1331 1498 re·

121 1540 313 1616 serentum,
341 1540 474 1618 adferre
501 1540 712 1617 decetionem,
740 1541 889 1616 conferre
922 1539 1091 1618 fidentem,
1120 1545 1334 1604 enormitas

118 1659 179 1718 pru
205 1643 409 1721 prementia,
438 1643 634 1704 demtionem
665 1661 726 1721 pro
756 1641 987 1715 benevolentia,
1010 1644 1161 1720 fiduciam
1189 1665 1252 1726 pro
1272 1666 1334 1710 eus·-

121 1746 226 1808 etods'u
247 1743 282 1827 ³).
1207 1770 1210 1775 ’

420 1899 448 1981 a.
471 1893 534 1990 1n.
558 1896 718 1969 curtas
739 1876 1030 2006 annosorum.
1109 1904 1144 1986 ,ἱ

159 2096 161 2101 ·
199 2066 261 2132 Ex
281 2065 481 2152 prsestnntia
503 2085 543 2131 ac
564 2064 723 2152 dignitate
742 2067 945 2155 Angelorum
966 2086 1120 2134 necnon
1149 2086 1193 2134 ex
1207 2087 1333 2141 ¹eorum

122 2173 162 2236 ad
186 2194 247 2236 nos
269 2172 447 2245 relatione,
469 2173 565 2236 modo
588 2172 763 2258 exposito,
782 2185 900 2257 sponte
926 2194 991 2238 ‘suo
1017 2177 1196 2242 eorundum
1219 2179 1333 2253 cultus,

32 2331 35 2337 .
125 2279 147 2346 i.
173 2299 200 2342 e.
222 2298 336 2342 eorum
358 2277 526 2342 veneratio
549 2298 587 2342 ac
608 2278 773 2359 invocatio
789 2279 1006 2366 consequitur.
1036 2281 1140 2360 Quam
1163 2293 1333 2370 utramque

123 2374 278 2450 Ecclesia
295 2372 472 2474 catholica
492 2395 602 2449 tuetur
625 2403 664 2448 ac
686 2383 887 2469 frequentem
910 2386 1067 2452 haeretici
1088 2407 1170 2451 vero
1192 2388 1334 2472 pessime

125 2490 403 2577 interpretantur,
432 2490 507 2554 dum
531 2487 625 2552 unius
661 2487 900 2576 singudarisque
922 2491 1005 2567 Dei,
1032 2503 1066 2557 et
1088 2491 1175 2557 unici
1201 2492 1336 2578 perinde

122 2595 314 2661 Mediateris
325 2594 449 2663 Christi
470 2595 674 2680 majestatem
697 2606 730 2658 et
751 2596 978 2662 auctoritatem
1001 2597 1105 2662 deteri
1125 2599 1188 2663 hoc
1208 2598 1244 2663 in
1265 2599 1341 2664 illos

123 2688 278 2788 obsequio
289 2700 449 2785 jactitant,
473 2711 506 2763 et
522 2720 599 2764 esse
609 2720 670 2763 nos
687 2698 803 2765 affines
821 2699 1024 2766 idololatriae
1040 2721 1079 2768 ac
1095 2701 1273 2768 Gentilium
1286 2718 1341 2767 su···

123 2806 307 2892 perstitioni
321 2803 542 2871 criminantur.
564 2805 718 2868 Attamen
733 2803 839 2869 inanis
860 2817 912 2870 est
926 2819 959 2871 et
976 2808 1029 2873 hic
1047 2808 1189 2873 hostium
1209 2820 1336 2874 nostro·

124 2932 195 2974 rum
215 2911 248 2976 in
265 2908 714 2995 remcatholicamimpetue.
735 2910 867 2975 Etenim
960 2939 962 2943 ·
1024 2930 1026 2939 ’
1116 2930 1118 2937 ’

210 3021 238 3085 1.
261 3014 498 3102 quuquAngeli
520 3015 678 3102 dignitate
707 3016 823 3080 morali
843 3016 1031 3092 emineant,
1063 3028 1096 3081 et
1123 3017 1198 3082 ideo
1231 3019 1337 3085 divina

124 3121 248 3190 visione
269 3120 411 3209 dignati,
434 3121 668 3207 quodammodo
690 3121 730 3186 ab
751 3121 824 3207 ipso
841 3121 915 3186 Deo
935 3124 1156 3208 honorentur-5
1180 3135 1277 3210 atque
1293 3124 1336 3188 in·

127 3247 224 3312 super
239 3247 295 3291 res
313 3238 448 3290 nostras
467 3239 659 3312 procurent,
682 3229 722 3292 ad
750 3248 811 3291 noa
836 3227 975 3292 tuendos
997 3227 1198 3302 incumbant,
1221 3248 1339 3314 preces

125 3344 258 3398 nostras
276 3333 348 3395 Deo
370 3330 526 3405 offerant,
550 3343 582 3396 et
603 3332 699 3395 rrobis
728 3332 875 3398 vicissim
904 3332 1061 3398 beneficia
1085 3332 1125 3397 ab
1159 3353 1201 3397 eo
1227 3355 1336 3420 repor-

127 3450 211 3503 tent:
235 3437 476 3502 venerationem
490 3457 529 3502 ac
547 3436 751 3502 dilectionem
765 3438 847 3524 ipsis
870 3440 1037 3527 denegare
1059 3459 1123 3502 non
1150 3460 1333 3524 possumus,

125 3544 178 3629 qui
193 3543 398 3609 sanctitatem
418 3544 451 3608 in
475 3541 589 3630 quavis
612 3555 727 3607 natura
750 3543 899 3608 rationali
923 3543 1098 3608 aestimare
1124 3554 1159 3607 et
1180 3545 1335 3611 beneficia

126 3661 261 3736 accepta
289 3649 403 3736 cuique
428 3661 524 3737 grato
554 3649 660 3713 animo
686 3649 868 3734 rependere
892 3660 1048 3714 tenemur.
1071 3648 1243 3714 -Porro
1266 3671 1341 3716 cum

127 3753 245 3842 Angeli
259 3753 411 3818 utilitates
427 3755 659 3841 commodeque
684 3766 797 3820 nostra
821 3756 905 3841 apud
932 3755 1040 3820 Deum
1052 3767 1251 3840 procurent,
1279 3777 1335 3820 no·

163 3990 187 4048 1)
206 3986 248 4038 ct.
267 3986 417 4054 Origen.
434 3993 467 4042 In
487 3993 558 4045 Lac.
571 3996 639 4042 dom.
656 4007 685 4044 a.
699 3993 749 4043 12.
768 3991 817 4042 18.
834 3993 919 4042 et23.
936 3986 968 4040 Τ.
983 3991 1009 4042 3.
1029 4002 1058 4055 p.
1074 3990 1136 4042 tto.
1158 3989 1221 4042 947.
1239 3989 1332 4042 Ml.-

129 4076 285 4140 ersgor.
304 4067 390 4129 Nan.
409 4083 452 4130 ον.
469 4083 518 4132 33.
538 4079 609 4146 Opp.
628 4080 660 4131 Τ.
675 4083 699 4132 t.
718 4094 741 4131 c.
760 4079 822 4131 406.
842 4103 875 4115 -·
901 4077 1021 4129 Basll.
1044 4082 1087 4130 lte
1104 4079 1198 4140 jelen.-
1217 4084 1288 4130 tom.
1307 4080 1330 4128 2.

129 4183 156 4220 a.
176 4171 202 4218 2.
220 4165 288 4232 opp.
304 4167 337 4218 Τ.
355 4169 380 4219 2.
397 4182 424 4233 p.
444 4171 485 4220 ll.
512 4167 598 4228 Epist.
624 4171 684 4220 238
709 4165 796 4234 (191)
810 4167 851 4221 -Τ,
873 4169 906 4220 3.·
923 4181 951 4232 p.
977 4168 1041 4219 eet.
1066 4195 1100 4206 -
1125 4167 1287 4219 tirason.
1306 4164 1332 4216 la

129 4257 212 4307 Meet.
234 4259 261 4315 6,
278 4261 362 4310 1-2.
377 4257 409 4311 Τ.
425 4261 449 4310 e.
470 4272 495 4310 e.
510 4260 562 4310 500
578 4273 603 4311 s,
622 4262 653 4310 la
669 4260 766 4310 Mattio
783 4274 808 4311 c.
826 4260 874 4318 18,
889 4261 1020 4322 ,to-1¹.
1046 4256 1080 4309 Τ.
1100 4261 1126 4311 7.
1154 4271 1179 4309 e.
1197 4257 1249 4308 tlt
1266 4271 1289 4308 s.
1303 4277 1330 4293 -

128 4342 248 4396 Hilar.
270 4349 302 4398 la
329 4345 662 4412 Ρε.124.η.6.ορρ.
688 4344 721 4396 Τ.
748 4348 771 4396 4.
798 4357 824 4397 e.
852 4345 912 4398 454.
939 4372 972 4383 -
998 4347 1131 4399 Petam
1160 4351 1178 4398 t
1205 4363 1232 4399 c.
1258 4362 1283 4399 a.
1304 4344 1326 4396 8.

129 4447 157 4498 pe
178 4435 212 4489 73
230 4449 274 4489 88.
736 4456 739 4461 “
1105 4427 1108 4431 ⁴
1215 4452 1219 4459 ⁸

164 4521 446 4587 nmmnmt
528 4551 620 4557 .‚

165 4603 189 4679 ³)
207 4617 296 4669 serm.
313 4617 364 4670 aa.
380 4619 409 4668 n
421 4619 469 4668 rs.
486 4618 538 4686 Qus
555 4619 666 4671 nantas
686 4633 714 4672 s.
732 4622 763 4669 s.
784 4615 855 4684 opp.
873 4628 899 4671 e.
918 4615 977 4667 aea.
