2926 5168
126 217 171 284 00

213 364 459 450 Conniiium
480 368 779 433 Lateranense
801 368 857 433 W.
889 377 998 432 autem
1026 366 1265 453 pantlreismunr
1288 387 1344 433 ex·

129 489 246 556 presse
269 470 438 536 damnavit.
459 472 544 536 Nam
564 493 628 537 non
658 484 781 539 tantum
804 471 965 537 definivit:
996 473 1150 536 Firmiter
1170 456 1344 546 eredimus,

120 585 162 644 ‚et
177 578 360 657 simpliciter
377 582 569 658 eonfitemur,
595 587 777 656 ononimus
791 581 879 642 sotus
897 584 946 639 ert
960 597 1058 639 oerns
1069 578 1160 639 Dens
1167 622 1179 657 ,
1203 584 1344 641 oeter-

128 702 205 746 nns
225 686 525 755 etimmensns,
558 687 841 763 omnipoteni,
870 684 1262 763 incommutabilis,
1285 686 1346 746 in·

130 789 523 864 comprehensibilis
543 798 584 848 et
603 789 885 869 ineffabilis,
907 787 1019 859 Pater,
1036 787 1199 867 erinnis,
1221 794 1254 848 et
1274 791 1347 875 Spi-
1373 793 1377 802 '

130 896 214 953 ritus
226 897 279 970 S.,·
293 898 358 952 tres
370 893 493 970 quidem
501 904 672 970 personae,
682 894 742 952 ret
748 897 969 964 nnnessentia,
981 892 1244 966 substernimur
1253 903 1346 956 natu·

130 1018 170 1058 ro
183 998 365 1075 simplem
386 1001 565 1059 omnino.
587 998 687 1058 Pater
703 1018 723 1058 o
737 999 838 1076 antio,
861 997 966 1058 tutius
983 1002 1087 1059 nutem
1110 1018 1129 1058 o
1150 997 1219 1058 eolo
1236 974 1346 1075 Patre,

130 1105 313 1179 nespiritns
327 1100 361 1162 S.
381 1106 420 1162 ab
432 1110 566 1180 utroque
578 1109 713 1182 pariter,
736 1104 855 1183 obsqne
873 1103 1221 1183 initioeemperetstne.
1245 1101 1344 1163 Potor

128 1225 311 1284 nesterone,
333 1206 439 1269 Titine
458 1226 615 1284 irascens,
639 1218 669 1267 et
684 1211 822 1284 Spiritus
844 1205 878 1269 S.
901 1213 1081 1283 procedens
1087 1227 1100 1281 ;
1126 1209 1345 1267 consubstan-

128 1311 224 1372 tiales
254 1317 285 1371 et
309 1311 515 1389 eooepnotee,
536 1315 799 1390 coomnipotentes
820 1318 851 1372 et
871 1316 1058 1388 coaeterni,
1089 1328 1189 1370 unam
1212 1315 1343 1370 nniver-

128 1435 237 1478 sorum
271 1418 483 1493 prinoipfnm,
508 1419 640 1477 Creator
680 1419 818 1478 omnium
855 1417 1060 1477 invisibilium
1089 1421 1121 1475 et
1148 1415 1343 1486 visibilium,

130 1521 346 1597 spiritualium
363 1526 395 1580 et
407 1521 620 1596 corporalium
628 1565 640 1600 ,
671 1524 728 1600 qni
760 1539 835 1580 sera
866 1522 1145 1606 omnipotenti
1178 1517 1345 1580 oirtnte

131 1606 323 1686 simniub
344 1627 468 1685 initio
490 1629 692 1703 temporie
714 1631 926 1706 utrumqne
956 1626 1000 1684 de
1030 1624 1170 1684 nibilo
1201 1625 1343 1687 condi·

130 1731 192 1792 dit
214 1739 466 1803 ereaturam,
489 1731 688 1809 spiritualem
706 1737 739 1792 et
751 1730 967 1809 corporalem,
991 1732 1168 1803 meoetieom
1199 1730 1347 1792 videlieet

132 1840 165 1895 ot
179 1840 376 1894 mundanam
386 1878 398 1913 ‚
422 1854 460 1894 or
476 1834 588 1895 deinde
603 1836 777 1896 bnmmrom
797 1838 890 1913 puori
918 1851 1133 1913 communem,
1162 1854 1208 1894 eze
1227 1838 1344 1913 spirito

89 1995 90 2000 ,
131 1945 162 1999 et
177 1959 309 2016 corpore
326 1944 528 1999 constitutam
548 1945 585 2013 ¹).
605 1920 676 2000 'Set
694 1949 725 2002 et
739 1937 872 2022 insuper
892 1941 1189 2017 perversissimum,
1212 1936 1261 2000 uti
1279 1936 1340 2013 ait,

128 2041 246 2128 dogma
269 2039 476 2110 Almariei
498 2041 687 2126 reprobavit
708 2053 803 2126 atque
826 2062 886 2106 ceu
908 2039 1087 2104 doctrinam
1108 2060 1171 2104 non
1188 2051 1256 2104 tam
1271 2042 1342 2111 hae.

129 2147 284 2219 retinam,
308 2167 401 2230 quam
424 2145 569 2210 insanam
590 2147 726 2230 rejecit,
749 2146 801 2233 qui
830 2146 914 2211 inter
945 2143 1004 2208 alia
1035 2144 1209 2220 docuerat,
1238 2148 1342 2210 Deum

128 2273 195 2315 non
210 2255 312 2315 rideri
327 2259 360 2314 in
375 2274 411 2315 se
420 2297 432 2332 ,
455 2254 515 2313 sed
530 2256 564 2314 in
583 2257 763 2328 creaturis,
785 2256 870 2315 sient
884 2255 992 2314 tumen
1005 2255 1039 2312 in
1055 2255 1132 2311 nire
1141 2296 1155 2332 ,
1178 2263 1211 2314 et
1232 2270 1340 2316 ornnes

127 2365 294 2420 creaturos
314 2365 346 2420 in
359 2362 471 2439 flnein
490 2359 593 2420 Deum
607 2359 735 2436 redire,
769 2365 802 2418 et
827 2360 862 2418 in
890 2361 997 2438 ipsum
1027 2359 1186 2431 conuerti,
1214 2368 1253 2419 ut
1280 2364 1342 2419 sint

127 2483 228 2524 renum
247 2465 444 2524 intimatorem
465 2482 535 2524 earn
556 2466 626 2542 ipso
642 2461 685 2540 ²),
709 2471 804 2544 atque
825 2459 1038 2533 sententiam,
1070 2470 1155 2522 teste
1186 2457 1219 2523 G
1232 2480 1339 2524 ereo·

127 2563 195 2629 uio
218 2572 257 2638 ³),
278 2575 512 2647 proposuerat:
538 2564 651 2653 Omnia
669 2571 747 2625 sunt
762 2566 874 2645 Dens;
895 2569 1012 2625 eumin
1038 2569 1108 2643 ipso
1133 2571 1199 2626 sirit
1223 2571 1338 2646 omnio,

127 2674 190 2730 imo
208 2674 275 2748 ipse
293 2673 335 2730 eit
359 2673 474 2730 omnin.
499 2664 743 2730 Concilium
766 2679 872 2730 autem
896 2665 1234 2733 Constantiense
1258 2671 1339 2736 dam·

126 2771 216 2838 navit
239 2770 430 2837 sententiam
454 2769 624 2836 Wiclef
631 2769 646 2832 s
650 2769 676 2832 i:
703 2770 871 2847 Orroetibet
890 2780 1039 2836 mentera
1055 2760 1105 2836 'esi
1117 2776 1222 2841 Dens.
1261 2776 1339 2838 Ubi·

72 2852 76 2869 ⁸
127 2899 187 2962 qne
203 2899 294 2938 omne
307 2897 364 2938 ens
384 2885 446 2957 est,
466 2897 537 2938 enm
551 2897 640 2938 ornne
654 2896 712 2939 ens
725 2883 769 2938 sit
779 2880 870 2939 Dens
888 2878 926 2959 ⁴).

211 2981 248 3046 C.
272 2978 356 3057 Quin
369 2977 433 3043 imo
450 2979 521 3064 ipsa
532 2982 600 3063 jam
621 3001 700 3044 sana
718 2980 801 3044 ratio
826 2992 970 3063 systema
992 2982 1247 3066 pantheisticum
1271 2998 1339 3051 tan·

126 3107 219 3171 quam
248 3104 358 3149 secum
372 3106 538 3173 pugnans,
562 3098 657 3172 atque
679 3109 773 3151 omne
802 3087 942 3151 studium
974 3086 1106 3150 virtutis
1130 3108 1169 3152 ac
1190 3092 1354 3157 sanctita-

127 3191 171 3256 tis
189 3210 329 3274 prorsus
347 3202 500 3260 evertens
516 3190 676 3275 improbat
693 3213 731 3257 ac
758 3191 872 3274 rejicit.
895 3191 1026 3257 Etenim

209 3314 238 3361 a.
261 3286 483 3378 pantheismus
513 3295 686 3360 discrimen
720 3296 795 3360 iliud
825 3296 1047 3361 necessarium
1077 3296 1163 3360 inter
1184 3297 1337 3384 spiritum

126 3414 159 3465 et
177 3398 346 3465 materiam
368 3399 501 3484 respuit,
528 3420 621 3464 urnam
644 3400 770 3468 nonnisi
786 3401 1000 3466 substantiam
1010 3399 1208 3479 admittens,
1223 3416 1337 3470 eontra

127 3589 343 3607 μ

116 3654 222 3723 bros.
249 3675 386 3723 neonem.
405 3675 422 3722 t.
444 3677 508 3724 1.ο.
530 3677 614 3725 1-6.
640 3669 710 3738 Opp.
729 3673 761 3726 T.
788 3674 811 3724 1.
837 3687 861 3726 c.
879 3676 969 3730 l-lb.
987 3702 1019 3711 -
1044 3677 1252 3741 Augustin.
1272 3685 1381 3734 con-⁶

122 3765 189 3822 sem.
214 3766 233 3812 t.
262 3763 309 3811 12.
328 3776 353 3812 e.
370 3762 446 3833 ⁸2⁹¹·
464 3765 494 3813 8.
512 3760 582 3828 Opp.
599 3763 633 3815 Τ.
653 3766 677 3814 1.
697 3776 722 3814 ο.
754 3763 803 3812 211
835 3767 895 3815 at.
927 3767 954 3816 1.
985 3781 1008 3817 e.
1027 3770 1076 3817 10.
1094 3782 1121 3819 n.
1149 3771 1201 3820 16.
1227 3786 1252 3821 c.
1281 3772 1337 3822 130.
1362 3794 1381 3812 a

125 3856 144 3904 t.
168 3855 218 3902 11.
235 3866 262 3901 e.
273 3853 302 3903 4.
329 3865 355 3901 r.
380 3851 438 3902 107.
471 3854 514 3902 lie
548 3854 600 3902 rio.
628 3854 698 3904 nt.
728 3857 777 3903 11.
803 3869 829 3904 e.
854 3857 941 3924 4-⁶·.
964 3855 997 3906 T.
1016 3856 1041 3906 7.
1072 3868 1096 3908 c.
1138 3857 1337 3912 271476-
1358 3874 1381 3889 ⁴

124 3940 288 4003 Gregor.
305 3938 346 3990 M.
366 3939 469 3990 ttoni.
488 3945 537 3992 16.
558 3957 584 3993 o.
607 3944 655 3992 20.
678 3945 770 3995 nto.
791 3939 861 4009 0pp.
889 3943 920 3994 T.
947 3946 972 3996 1.
998 3957 1024 3996 e.
1048 3946 1107 3996 518.
1140 3971 1172 3982 —
1198 3946 1381 3999 isidor.-

123 4027 231 4093 Hisp.
251 4031 373 4080 sentent.
390 4032 409 4081 t.
429 4033 458 4081 1.
475 4045 500 4080 e.
520 4034 570 4082 10.
588 4027 659 4093 Ορρ.
680 4043 706 4093 p.
733 4030 791 4080 2116.
825 4032 944 4093 Etornot.
965 4035 984 4083 1.
1014 4034 1041 4084 t.
1068 4047 1094 4086 c.
1119 4038 1148 4086 1.
1179 4049 1209 4101 p.
1238 4037 1283 4089 61.
1294 4027 1335 4088 Ἰ).
1362 4059 1381 4077 α

122 4143 156 4154 -
174 4115 357 4180 liutgeri.
384 4119 460 4170 Cont.
490 4120 608 4168 Fubion.
631 4121 730 4178 froom.
756 4124 775 4170 t.
802 4124 851 4170 10.
875 4124 911 4179 fr.
931 4125 981 4175 36.
1009 4123 1079 4188 Ορρ.
1107 4137 1134 4191 p.
1160 4127 1213 4176 662
1245 4139 1288 4178 ss.
1304 4152 1335 4162 -
1355 4141 1381 4156 ‘

122 4205 328 4267 Boethius,
347 4210 388 4259 De
417 4209 518 4258 coerrat.
535 4209 634 4266 nbitor.
653 4208 673 4257 1.
693 4211 722 4258 b.
738 4225 811 4268 pror.
830 4212 858 4262 6.
876 4224 893 4276 p
923 4211 971 4262 118
989 4225 1032 4265 us.

157 4297 179 4357 ι)
199 4299 286 4354 ema.
307 4302 334 4349 1.
351 4301 392 4349 ne
405 4300 451 4356 nr.
468 4280 545 4348 carn
561 4295 672 4355 uranu,
692 4300 760 4349 corr.
773 4287 864 4353 'eoin
882 4301 915 4351 r.
932 4302 977 4354 er.
997 4315 1022 4354 c.
1041 4304 1089 4354 ost
1110 4310 1140 4355 ei
1156 4305 1220 4359 ose.

155 4381 180 4452 ²)
199 4389 287 4446 Capit.
307 4390 336 4438 2.
354 4383 395 4439 lb.
417 4398 443 4438 c.
461 4387 512 4437 986
530 4389 558 4436 et
577 4387 652 4438 1080.
836 4430 844 4441 .
996 4406 1000 4416 “

155 4466 180 4536 ³)
199 4479 240 4528 ne
257 4480 384 4529 nonnoni.
411 4479 557 4537 metantur.
576 4491 602 4527 e.
621 4482 676 4539 too.
695 4478 767 4544 upp.
786 4479 871 4532 nutv.
891 4483 969 4535 1706.
988 4482 1022 4534 T.
1041 4483 1067 4534 1.
1086 4497 1116 4548 ρ.
1135 4485 1198 4536 820.
1216 4486 1250 4538 Α.

155 4559 181 4630 ⁴)
202 4566 275 4619 serr.
295 4569 345 4617 ts.
364 4562 477 4625 Manui,
496 4565 567 4618 Coit.
587 4568 668 4621 Cone.
686 4567 719 4620 T.
736 4569 780 4621 27.
799 4582 825 4621 c.
844 4571 904 4621 761.
