2926 5168
1244 214 1306 284 itt

102 391 228 459 negare
249 367 361 454 aliquis
384 369 517 443 audeat,
548 386 641 452 quam
664 376 714 438 ut,
737 384 809 429 eam
830 360 1061 451 intelligentem
1086 385 1124 430 ac
1147 365 1305 433 scientem

100 499 167 543 non
190 496 276 551 esse,
299 474 490 559 suspicetur.

186 581 302 645 Potest
322 591 427 644 autem
443 576 556 664 paucis
588 573 900 640 omniscientis
922 575 1063 641 describi
1081 597 1142 642 ceu
1164 599 1208 644 ea
1229 576 1307 644 Dei

102 686 326 772 perfectio,
350 704 426 770 qua
446 683 543 767 ipse
566 680 701 745 omnia
723 680 1048 769 cognoscibilia
1078 681 1306 766 perlectis·

103 792 210 860 sime
233 788 537 878 cognoscitac
559 785 655 850 scit.

188 896 260 961 Scit
280 896 387 980 itaque
409 891 500 957 Deus
524 911 585 977 qna
608 889 782 954 omniscius

229 1002 267 1066 Α.
290 997 574 1081 semetipsum3

229 1105 268 1169 B.
291 1102 425 1169 omnia
448 1114 567 1166 extra
590 1121 653 1170 se3
676 1097 856 1185 etquidem

189 1232 218 1275 a.
241 1209 347 1275 omnia
369 1206 601 1279 existentia,
625 1225 726 1290 eaque

144 1341 174 1380 α.
206 1315 276 1379 sive
305 1311 559 1377 necessaria
581 1310 651 1377 sive
672 1309 832 1382 libera,
855 1307 1025 1373 interna
1055 1322 1087 1374 et
1117 1323 1307 1395 externa,

106 1434 200 1508 atque

143 1527 174 1607 β.
197 1523 268 1588 sive
289 1521 542 1608 praesentia,
565 1520 635 1584 sive
657 1520 906 1605 praeterita,
929 1519 999 1584 sive
1021 1518 1180 1605 intura3

189 1632 219 1694 b.
242 1625 619 1713 omniapossibilia;
641 1645 787 1691 necnon

189 1733 345 1799 c.0mom
367 1730 834 1797 eondnionatetutura

188 1838 295 1903 Porro
322 1838 424 1924 quoad
456 1839 584 1901 modum
622 1836 759 1901 scientia
792 1835 897 1900 divina
930 1847 981 1899 est
1013 1836 1243 1909 absoluta,
1276 1845 1309 1898 et

107 1944 240 2030 proinde
261 1943 466 2009 immutabilis
488 1963 526 2008 ac
548 1954 689 2018 aeterna,
713 1963 776 2005 non
800 1940 1001 2015 successiva,
1027 1941 1086 2004 sed
1109 1940 1308 2014 simultanea,

109 2048 345 2134 simplicissima
367 2068 406 2113 ac
427 2047 651 2121 indivisibilis,
675 2045 1033 2131 adaequatissima
1055 2065 1114 2109 seu
1135 2044 1308 2109 verissi-

110 2174 171 2228 ma,
197 2153 444 2218 certissima
475 2173 513 2216 ac
536 2151 884 2226 distinctissime,
916 2151 1145 2216 essentiam
1168 2172 1309 2215 rerum

110 2270 347 2345 penetrans,
378 2277 426 2323 ac
448 2259 808 2342 comprehendens
838 2256 951 2321 visio
979 2278 1038 2320 seu
1068 2255 1309 2343 intelligen-

109 2364 186 2450 tia3
210 2375 243 2429 et
264 2364 336 2428 ideo
358 2364 390 2429 in
412 2363 485 2428 Deo
507 2364 592 2427 nnlla
614 2364 706 2426 datur
727 2362 872 2437 reflexio,
894 2363 1069 2428 abstractio
1100 2373 1154 2426 aut
1182 2359 1310 2426 ratioci-

111 2470 194 2535 natio
204 2516 217 2552 ,
252 2470 337 2534 nulla
365 2469 521 2535 momoria
543 2481 597 2533 aut
618 2467 751 2543 oblivio,
783 2468 964 2552 nullumque
998 2467 1127 2532 dubium
1147 2485 1186 2530 ac
1207 2465 1310 2528 nullus

111 2594 211 2639 error.

189 2680 262 2744 Deo
284 2679 438 2744 infinitam
461 2690 494 2744 et
515 2677 666 2744 universa
689 2680 1014 2765 comprehendentem
1037 2699 1075 2743 ac
1088 2689 1310 2764 penetrantem

110 2783 326 2871 cognitionem
342 2783 460 2858 inesse,

233 2889 272 2951 Α.
295 2909 353 2973 per
376 2910 489 2953 omnes
510 2888 676 2975 utriusque
699 2889 905 2954 Testamenti
936 2889 1073 2977 paginas
1105 2910 1309 2974 expressum,

111 2994 372 3080 declaratumque
400 2993 526 3081 legitur.
548 2993 602 3056 Ex
622 2983 738 3078 ¹quibus
760 3015 862 3078 pauca
882 2994 1023 3058 delibare
1047 2993 1194 3059 sufficiat.
1215 2995 1314 3075 Apud

106 3103 220 3180 ipsum,
243 3098 361 3184 legitur
387 3097 418 3161 in
441 3097 520 3161 libro
542 3098 636 3174 Job,
661 3107 711 3160 eol
735 3105 976 3182 sapien-tia,
1005 3100 1154 3185 [scientia
1185 3098 1311 3164 scilicet

108 3200 285 3286 absoluta),
307 3210 339 3264 et
353 3207 521 3284 fortitudo,
543 3207 610 3284 ipse
630 3206 725 3266 babet
743 3209 976 3286 eonsilium,
998 3214 1030 3268 et
1047 3207 1203 3269 intelli
1212 3225 1312 3284 qen·

106 3312 207 3399 tiano
230 3310 269 3392 ¹).
290 3306 413 3371 Porro:
433 3311 667 3389 Ipsefinco
687 3312 831 3372 mundi
858 3315 1068 3375 intuetur:
1100 3318 1131 3371 et
1159 3313 1312 3388 omnia,

107 3434 219 3496 quae
239 3415 311 3474 sut
333 3415 446 3476 coelo
467 3425 575 3486 soret,
597 3417 778 3497 respicit
796 3417 834 3498 ²).
859 3414 978 3497 Atque:
1001 3418 1084 3493 Seio,
1107 3417 1184 3494 quia
1205 3416 1313 3475 ontnia

102 3524 219 3596 potes,
250 3528 283 3580 et
313 3521 433 3580 nulla
462 3526 496 3580 te
525 3519 630 3581 latet
656 3523 853 3595 copitatio
883 3518 921 3603 ⁸).
950 3516 986 3580 In
1007 3515 1198 3583 Baruch:
1235 3515 1314 3591 Qut

102 3627 195 3684 seit
223 3624 442 3698 universa,
473 3627 590 3685 novit
610 3645 697 3685 earn
719 3622 937 3707 (sapientiam)
966 3630 1005 3700 4).
1035 3621 1072 3685 ln
1102 3621 1311 3684 Psalmis:

102 3728 410 3806 Etsapientiae
440 3726 626 3806 (scientiae)
656 3733 755 3804 ejus
783 3750 864 3791 non
885 3737 950 3792 est
978 3749 1173 3791 numerus
1202 3730 1240 3806 5).
1269 3726 1314 3790 Et

102 3829 198 3893 alibi:
221 3831 328 3912 Ecce,
359 3832 510 3905 Domine,
538 3843 579 3896 tu
605 3840 840 3914 cognovisti
862 3840 1011 3909 ontoia,
1032 3839 1258 3898 novissima
1278 3840 1317 3896 et

102 3941 358 4018 aeolicum-
381 3940 743 4020 Mirabilisfaeta
773 3948 836 4002 eet
863 3943 1062 4004 scientia
1082 3946 1154 4002 tuo
1175 3959 1227 4001 eo*
1248 3958 1315 4000 me:

151 4231 169 4297 ¹)
187 4233 254 4286 tob.
275 4236 316 4297 ιε,
337 4237 379 4286 ta.

149 4313 170 4382 ²)
187 4323 254 4377 toa.
270 4325 313 4386 os,
332 4326 373 4375 n.

150 4401 170 4473 3)
189 4413 256 4466 tob.
273 4413 316 4474 ta,
334 4416 360 4465 2.

148 4495 360 4562 nmen

145 4579 169 4656 ⁵)
186 4593 238 4646 Ps.
255 4592 312 4652 rae,
329 4595 355 4643 a.
370 4591 411 4642 cf.
428 4591 467 4642 n.
481 4591 524 4654 no,
541 4594 584 4645 as.
600 4594 672 4643 nan.
688 4595 714 4656 ε,
733 4596 847 4648 21-22.
