2926 5168
160 368 163 375 '
194 359 300 439 quod
319 358 496 434 ospitare
513 358 709 434 possetis,
732 357 844 416 dioilo:
865 356 952 417 Non
973 364 1038 417 eat
1055 357 1185 436 ittam
1213 376 1279 420 nort
1301 361 1402 434 ernon,

192 465 222 521 si
242 461 323 523 ittae
343 467 435 533 esset,
456 461 533 520 milti
545 463 618 537 jam
639 463 831 521 occurrisset
851 463 889 538 ¹).
917 458 1105 524 Clarissimo
1128 471 1236 524 autem
1258 459 1402 525 ornniutn

194 562 347 627 edisserit
375 561 620 648 Gregorius
651 562 762 635 Nam,
798 561 851 646 qui
886 562 1000 627 habet:
1041 566 1239 645 Reputantea
1267 567 1402 628 Deum

194 673 380 743 omnium,
403 687 507 751 quae
526 680 639 753 spent,
658 670 985 748 pulcherrimum
1005 678 1045 732 el
1063 672 1402 734 sublimissimum

194 794 285 836 esse
308 771 387 856 (rent
407 781 480 855 quta
500 780 604 836 tamon
624 774 713 834 malit
741 793 824 835 eum
853 794 977 853 supra
999 794 1148 836 omnem
1167 779 1402 855 essentiam

191 891 319 957 ponere,
350 885 408 939 aut
436 881 602 957 inipso,
635 878 833 959 quidquid
859 884 929 953 eal,
961 880 1134 941 reuocare:
1167 886 1271 959 amoto
1293 901 1314 941 a
1335 900 1400 961 quo

193 983 259 1046 alia
280 1003 401 1064 quoque
422 981 614 1066 (quaeque),
636 985 775 1061 attint,
798 986 978 1061 acceperint
1004 989 1044 1058 2).
1068 981 1153 1046 Hinc
1175 993 1208 1046 et
1228 982 1316 1046 velut
1334 1005 1399 1064 pe-

193 1089 316 1166 lagus
337 1090 529 1169 quoddam
550 1089 1003 1149 essettliaeimmensum
1024 1092 1403 1150 stantemstantem

194 1190 300 1254 lleum
318 1191 457 1274 adpellat
479 1191 528 1276 8];
552 1191 636 1275 qnod
653 1188 804 1253 universe
818 1188 1003 1274 infinitoque
1017 1189 1123 1273 ipsum
1138 1211 1224 1263 esse,
1245 1212 1310 1255 non
1326 1191 1401 1274 ejus

193 1292 330 1358 formam
351 1293 488 1379 aliquam
511 1305 565 1358 aut
588 1293 774 1380 particulam
795 1293 974 1378 possideat,
996 1306 1092 1379 atquo
1108 1316 1185 1360 vere
1207 1317 1246 1361 ac
1266 1296 1402 1381 proprie

194 1398 247 1472 sit,
270 1419 333 1462 non
353 1410 460 1463 autem
482 1410 517 1462 ut
536 1419 593 1464 res
615 1410 745 1463 creatae
764 1397 904 1471 existat,
926 1419 1008 1483 quae
1025 1420 1068 1464 ex
1083 1400 1181 1465 nihilo
1199 1412 1293 1474 sunt,
1316 1411 1351 1464 et
1367 1398 1401 1465 in

193 1501 323 1566 nihilum
334 1504 462 1578 abeunt,
476 1522 515 1567 ac
529 1503 598 1568 solo
611 1501 674 1567 Dei
685 1501 842 1567 beneflcio
857 1502 1047 1579 consistunt,
1067 1515 1160 1589 atque
1176 1505 1249 1568 ideo
1264 1503 1402 1589 proprie

194 1626 233 1671 ac
254 1627 331 1672 vere
353 1628 417 1671 non
439 1619 522 1671 sunt.
536 1640 574 1654 -
589 1606 745 1685 Quamvis
767 1618 874 1671 autem
889 1606 1032 1671 essentia
1054 1619 1088 1670 et
1109 1608 1300 1685 substantia,
1323 1627 1401 1671 cum

193 1714 233 1776 de
250 1712 370 1777 creatis
390 1712 489 1776 rebus
505 1723 716 1796 usurpantur,
738 1710 802 1775 illis
821 1710 968 1774 omnihus
986 1712 1172 1777 notionibus
1195 1732 1234 1776 ac
1252 1711 1400 1797 proprie·

193 1817 312 1881 tatibus
321 1816 504 1901 implicatae
522 1815 596 1891 sint,
613 1814 925 1901 quaeimperfectum
942 1815 1057 1901 aliquid
1073 1817 1203 1892 hahent,
1217 1815 1400 1905 indignum·

194 1941 254 2006 que
273 1920 360 1984 Deo:
376 1919 453 1985 nihil
467 1932 573 1985 tamen
587 1920 745 2005 prohibet,
761 1919 929 2005 quominus
943 1931 1112 2006 utrumque
1126 1922 1328 1993 vocabulum,
1343 1921 1399 1985 ab·

193 2025 332 2089 solutum
352 2025 391 2089 ah
418 2024 473 2088 illa
494 2024 603 2100 faece,
636 2044 675 2096 ac
698 2023 861 2089 sincerum
885 2025 958 2089 Deo
974 2025 1080 2111 possit
1105 2025 1255 2111 attribui3
1277 2007 1315 2090 ut
1334 2046 1399 2090 nec

193 2129 425 2194 derivationem
455 2149 493 2194 ac
525 2129 739 2194 manationem
767 2128 982 2217 intelligamus
1005 2129 1116 2203 ullam,
1146 2149 1248 2215 neque
1270 2141 1399 2195 certum

193 2233 420 2320 definitumque
447 2254 552 2322 genus
583 2240 684 2306 entis,
714 2235 798 2318 quod
827 2232 860 2296 in
883 2231 1045 2297 essentiae
1067 2232 1193 2297 nomine
1216 2234 1397 2297 cavendum

192 2352 325 2404 veteres
347 2338 494 2404 arbitrati
515 2351 590 2404 sunt
597 2362 607 2411 ;
629 2358 733 2424 neque
755 2358 853 2423 porro
875 2336 1086 2401 mutationem
1110 2358 1153 2401 ex
1173 2336 1397 2403 vicissitudine

192 2443 416 2520 accidentium,
439 2465 533 2530 quam
548 2444 646 2508 iidem
664 2443 696 2506 in
718 2440 918 2505 substantiae
936 2461 1018 2505 voce
1039 2440 1259 2505 reformidant.
1281 2441 1350 2531 Sed
1363 2441 1396 2506 in

86 2574 91 2579 ·
193 2548 359 2614 essentiae
383 2549 510 2633 quidem
531 2571 592 2612 usu
617 2547 659 2610 nil
676 2566 839 2610 sumamus
857 2557 988 2631 praeter
1005 2543 1184 2629 simplicem
1199 2543 1396 2609 exstantiam

193 2653 251 2730 rei,
275 2665 308 2718 et
330 2655 369 2718 ah
392 2674 442 2728 eo,
465 2655 549 2738 quod
571 2649 728 2726 estnihil,
751 2649 981 2734 sejunctionem
1002 2670 1041 2714 ac
1061 2670 1239 2715 recessum.
1262 2648 1299 2714 ln
1321 2650 1395 2714 suh·

194 2758 314 2824 stantia
335 2779 423 2833 vero,
445 2758 508 2822 hoc
529 2758 642 2830 sulum,
665 2755 748 2840 quod
770 2765 822 2818 est
838 2774 913 2818 esse
934 2774 993 2838 per
1015 2773 1064 2827 se,
1086 2775 1189 2839 neque
1206 2753 1321 2818 alienis
1342 2755 1394 2819 ad·

195 2861 373 2937 miniculis,
398 2873 433 2926 ut
458 2860 520 2936 sit,
542 2860 673 2948 indiget.
694 2861 744 2924 lta
757 2881 820 2923 non
839 2860 941 2923 solum
958 2859 1088 2944 proprie
1106 2860 1189 2935 Deo,
1212 2861 1270 2924 sed
1286 2860 1393 2925 excel·

195 2967 272 3032 lenti
290 2969 426 3054 quadam
441 2965 566 3031 ratione
584 2966 678 3030 amho
699 2973 896 3052 congruent3
920 2962 993 3048 qnia
1007 2968 1098 3027 solus
1113 2962 1159 3028 ita
1177 2976 1244 3041 est,
1268 2975 1303 3028 ut
1323 2985 1393 3030 eum

114 3102 116 3106 ’
194 3073 292 3145 nihilo
318 3071 546 3141 commercium
565 3071 689 3135 haheat
713 3069 851 3145 nullum,
884 3079 918 3132 et
947 3079 1094 3144 caetera,
1126 3089 1207 3153 quae
1230 3069 1270 3133 ah
1296 3068 1391 3133 nihilo

195 3188 300 3257 ducta,
322 3177 407 3246 etin
430 3175 559 3242 nihilum
580 3173 724 3240 reditura
745 3185 830 3247 sunt,
852 3172 881 3236 si
901 3173 992 3237 Deus
1014 3172 1137 3249 siverit,
1159 3172 1282 3237 infinite
1300 3193 1392 3259 supe·

194 3302 257 3364 rat,
280 3282 377 3374 quum
398 3305 418 3350 a
438 3283 522 3348 nullo
545 3292 619 3346 ente
640 3281 795 3367 pendeat,
818 3279 876 3343 sed
903 3277 949 3342 ita
975 3277 1035 3353 sit,
1064 3289 1099 3342 nt
1118 3278 1212 3364 plane
1232 3299 1296 3342 nou
1320 3298 1392 3344 esse

195 3415 259 3459 non
280 3391 394 3479 possit.
422 3389 515 3470 Quod
540 3387 673 3473 pulchre
704 3383 852 3451 enunciat
872 3384 1101 3460 Anselmus,
1132 3382 1186 3448 uhi
1216 3382 1276 3448 ait:
1304 3387 1395 3457 Deru

196 3504 279 3563 enim
299 3499 413 3578 estid,
435 3514 496 3579 quo
516 3498 620 3575 majus
649 3496 781 3572 capitata
810 3510 874 3553 non
891 3496 1003 3570 potest.
1039 3489 1132 3566 Quod
1159 3493 1213 3572 qui
1241 3491 1321 3553 tene
1342 3495 1398 3556 in-

195 3606 323 3684 tetttptt,
344 3607 451 3684 ntique
470 3601 633 3681 intentiori,
655 3600 691 3661 td
707 3601 811 3679 ipsum
831 3598 878 3658 sio
897 3614 989 3674 ease,
1010 3601 1046 3663 at
1063 3613 1114 3656 ne
1136 3597 1406 3673 ooqt'tan'one

197 3718 323 3794 queat
340 3727 413 3770 non
433 3726 533 3771 esse.
564 3703 626 3779 ote
656 3723 730 3783 erqo
755 3701 904 3778 inlellipt'l
928 3703 977 3761 sie
1004 3700 1226 3795 esse-Deum,
1253 3703 1417 3782 nequit

197 3835 282 3877 eum
302 3833 384 3876 non
405 3831 493 3876 aare
512 3813 704 3888 ospitare
725 3805 760 3890 ⁴).
784 3802 998 3884 Quamobrem
1013 3799 1095 3888 quod
1113 3798 1145 3865 in
1164 3801 1305 3866 caeteris
1322 3825 1412 3889 pro-

198 3918 391 4005 prietatibus
412 3914 574 3991 usuvenit,
597 3931 678 4000 quae
700 3907 819 3977 creatis
842 3929 884 3975 ex
904 3906 1003 3974 rebus
1024 3918 1168 3972 mutuata
1189 3904 1425 3974 similitudino

230 4139 257 4204 ι)
273 4145 373 4195 Εηανν.
392 4145 420 4195 2.
438 4144 468 4193 lu
484 4145 530 4194 Pa.
549 4143 599 4193 26.
617 4155 643 4190 n.
661 4139 691 4189 8.
709 4137 778 4204 Opp.
795 4133 828 4186 Τ.
848 4131 873 4185 ll·
891 4142 916 4182 ο.
937 4127 992 4182 122.

231 4223 695 4298 hmmmwummn

230 4313 618 4385 ommmamn

231 4404 256 4474 ⁴)
275 4413 394 4471 Prostop.
412 4426 438 4461 c.
455 4412 485 4463 4.
510 4407 581 4474 opp.
606 4416 635 4474 Ρ.
659 4405 704 4462 21.
730 4418 756 4463 t.
775 4406 799 4464 l.
817 4408 861 4466 01.
880 4411 1000 4466 Thom.
1017 4412 1076 4477 Aq.
1094 4413 1168 4463 Cant.
1188 4413 1265 4462 uest.
1284 4413 1305 4461 t.
1326 4415 1357 4463 1.
1375 4427 1401 4463 c.
1431 4427 1458 4445 Α

198 4498 247 4552 22.
264 4496 336 4565 opp.
354 4495 387 4551 t'.
406 4500 448 4552 ts.
465 4507 493 4566 p.
509 4495 553 4551 22.
571 4509 613 4551 ss.
630 4502 660 4549 et
677 4501 737 4563 Μ.
755 4502 785 4552 2.
803 4509 854 4553 art.
871 4504 902 4554 4.
912 4501 942 4551 r.
961 4502 1002 4554 20.
1020 4513 1048 4566 p.
1062 4503 1101 4551 17.
1117 4513 1144 4552 a.
1157 4497 1329 4553 Richard.
1344 4499 1401 4552 as.
1419 4515 1458 4539 κ

198 4586 274 4648 utet.
290 4591 333 4645 lte
350 4592 424 4647 atta.
442 4593 462 4646 1.
482 4591 509 4645 1.
527 4606 554 4645 ο.
571 4593 599 4647 4.
617 4587 688 4657 opp.
704 4588 838 4646 Romam.
856 4590 930 4645 1160.
949 4603 979 4658 p.
996 4591 1057 4645 218.
1074 4600 1098 4644 o.
1114 4588 1140 4640 2.
