2926 5168
1286 236 1350 309 tlh

143 386 262 453 rendae
282 397 320 464 ¹).
344 388 411 453 Sub
430 387 542 454 Verbo
561 411 619 454 seu
637 394 727 475 Λόγῳ
748 387 926 477 Apostolus
944 392 1106 457 neminem
1124 390 1231 471 alium,
1254 416 1348 481 quam

142 496 256 560 Filium
273 495 335 560 Dei
351 494 516 583 intelligit,
539 495 591 580 qui
607 495 679 560 inde
695 494 734 559 ah
761 508 894 561 aeterno
917 499 1000 582 apud
1027 498 1158 563 Patrem
1183 501 1349 580 existens,

142 603 287 689 ejusdem
310 600 438 666 divinae
466 615 599 666 naturae
624 622 697 667 eum
713 604 809 665 Patre
825 600 953 677 socius,
976 600 1168 689 intempore
1188 606 1284 671 homo
1305 606 1349 671 la-

142 720 232 785 etus,
255 707 457 773 Christus
481 706 610 771 Jesus
634 718 701 780 est,
725 706 1003 771 Deus-homo.
1026 706 1110 773 Nam
1132 708 1171 774 ad
1189 711 1350 776 neminem

141 816 253 889 alium,
277 814 424 900 quemad
440 808 605 878 Christum
622 812 741 877 relerri
755 824 892 900 possunt
915 812 1015 879 verba
1041 813 1111 878 illa:
1135 802 1180 878 Et
1212 812 1352 879 Verbum

142 945 219 985 curo
239 927 368 1002 sactum
394 929 460 997 est,
483 929 515 982 et
540 918 694 983 habitavit
717 927 751 982 in
779 923 886 982 uotis:
917 918 950 982 et
966 924 1149 983 vidimus
1168 922 1351 999 pluriam

140 1050 157 1090 a
159 1033 181 1104 j
187 1051 251 1102 us,
271 1035 409 1106 plurium
430 1031 525 1109 quasi
548 1030 703 1104 uuiqeniti
719 1048 740 1087 a
762 1032 870 1098 Patre,
891 1024 1020 1103 plenum
1031 1030 1167 1104 pratiae,
1185 1036 1217 1089 et
1229 1032 1350 1090 verita·

140 1139 191 1201 tis.
212 1133 349 1219 Insuper
376 1131 420 1195 ait
443 1132 675 1219 Evangelista,
705 1132 864 1195 ,loannem
886 1130 942 1205 B„
966 1136 1019 1216 qui
1048 1131 1087 1194 de
1105 1126 1238 1196 Christo
1254 1143 1351 1197 testa·

141 1250 194 1302 tus
212 1250 280 1314 est,
303 1237 522 1302 testimonium
549 1244 588 1299 de
610 1237 664 1299 illo
692 1234 835 1322 (Verbo)
858 1237 1061 1322 perhibuisse
1084 1236 1134 1322 2)’;
1157 1247 1252 1321 atque
1284 1248 1351 1300 tum

144 1366 224 1410 mox
243 1344 380 1407 inlerius
397 1342 540 1407 Veritum
571 1342 772 1407 incarnatum
795 1346 955 1427 expresse
981 1340 1095 1424 lesum
1112 1334 1280 1406 Christum
1299 1342 1351 1404 ad-

141 1448 243 1536 pellat
264 1449 304 1533 ³),
328 1469 421 1533 quam
444 1447 690 1533 appeliationem
713 1447 787 1511 exin
801 1468 860 1532 per
873 1459 975 1512 totum
992 1440 1206 1534 Evangelium
1223 1445 1352 1510 retinet.

226 1550 557 1638 Quarellvangelista
575 1551 689 1615 Filium
707 1551 770 1616 Dei
787 1554 888 1635 Λόγον
901 1552 1123 1638 adpellaverit‚
1144 1551 1228 1615 inter
1242 1551 1352 1616 Theo·

139 1659 238 1746 logos
254 1678 318 1721 non
334 1667 472 1721 constat.
495 1655 558 1720 Atii
575 1657 656 1720 enim
675 1676 791 1720 nomen
810 1658 873 1720 hoo
892 1655 1094 1742 depromtum
1109 1655 1185 1721 essle
1203 1654 1246 1719 eri
1262 1655 1301 1721 V.
1319 1654 1352 1718 Τ

140 1772 300 1838 statuunt,
330 1760 481 1826 videlieet
516 1783 558 1826 ex
582 1764 656 1827 loeo
692 1761 764 1826 illo:
792 1758 921 1826 l'ert'o
951 1758 1216 1825 Doruint'coelt
1233 1756 1354 1843 firmati

137 1876 238 1931 stent:
258 1875 290 1931 et
312 1871 427 1944 spiritu
453 1871 520 1929 oris
551 1871 623 1946 ejus
652 1870 759 1928 omnis
790 1873 894 1930 hirtus
918 1886 1026 1930 eorum
1048 1865 1086 1950 ⁴),
1116 1852 1179 1930 ollii
1208 1863 1285 1930 illud
1311 1887 1354 1929 ex

138 1971 254 2058 phrasi
269 1967 462 2045 chaldaica,
485 1991 585 2055 quum·
599 1968 839 2054 Paraphrastae
853 1969 1019 2036 Chaldaioi
1044 1992 1102 2056 pro
1125 1972 1248 2034 Jetova
1268 1992 1352 2035 sem·

139 2101 203 2164 per
224 2083 355 2140 sertum
375 2079 518 2139 Jetooae
548 2087 688 2160 ponant,
717 2088 875 2160 repetunt.
898 2072 960 2140 Alii
990 2087 1166 2140 mutuatum
1196 2097 1272 2140 esse
1311 2098 1355 2141 ex

138 2178 346 2269 philosophia
370 2170 555 2254 Platonica,
586 2183 638 2245 uel
663 2180 770 2266 potius
799 2202 842 2244 ex
869 2178 1001 2264 seriptis'
1032 2166 1193 2255 Philonis,
1226 2176 1353 2265 placitis

137 2287 229 2353 illius
250 2276 473 2369 philosophiae
490 2286 627 2360 addicti,
651 2287 703 2372 qui
721 2284 816 2349 simili
840 2285 944 2370 aliquo
973 2305 1071 2349 sensu
1092 2282 1249 2350 vocabulo
1269 2283 1355 2370 λόγος

138 2402 271 2464 ututur,
294 2390 499 2454 courtendunt.
521 2389 586 2453 unt
602 2390 795 2454 vocabulum
814 2389 901 2452 istud
929 2402 972 2453 e'x
997 2389 1229 2453 Gnosticorum
1256 2391 1353 2476 placi·

137 2496 184 2561 tis
199 2493 706 2578 detraentuniaeomutsmiram
717 2492 908 2558 ashniserint
923 2495 1261 2568 multitudiheminter
1270 2510 1352 2580 quos

138 2598 363 2688 praestantior
372 2599 470 2663 luerit
479 2599 654 2680 Aoyossuh
665 2620 727 2684 quo
737 2598 864 2674 deinde,
875 2599 1052 2664 Christiani
1061 2599 1179 2675 allecti,
1189 2601 1354 2666 Christum

136 2703 383 2778 insaturatus,
401 2704 451 2770 ita·
465 2716 498 2768 ut
515 2705 660 2769 Joanrres
682 2705 876 2768 vocabulum
911 2705 1091 2781 retinuerit,
1114 2707 1355 2771 demonstrave-

135 2812 184 2877 rit
195 2805 421 2890 ausemano
430 2808 599 2873 Christum
605 2830 670 2873 non
677 2830 753 2873 esse
762 2809 992 2874 Gnosticorum
1006 2813 1354 2897 aeonem-qualemuun·

137 2937 208 3003 que
222 2917 367 2987 demum,
390 2916 451 2978 sed
471 2932 584 2979 verum
606 2916 725 2980 Deum.
744 2916 807 2980 ulii
823 2925 945 3000 putant,
954 2918 1050 2999 λόγος,
1061 2919 1254 2984 vocabulum
1281 2922 1353 2984 ahs·

134 3033 295 3096 tractum.
317 3034 394 3084 esse
418 3020 559 3104 positum
576 3042 637 3106 pro
663 3033 818 3087 concreto
844 3023 996 3102 λεγόμενος
1012 3022 1044 3087 in
1072 3044 1170 3087 sensu
1186 3031 1240 3087 τοῦ
1265 3029 1353 3109 &troy-

131 3130 323 3214 γολλόμενος,
347 3140 406 3189 seu
428 3125 588 3207 ἐρχόμενος,
609 3133 799 3208 promtum,
819 3146 990 3212 quosensn
1013 3134 1101 3249 ἾΞΠΤ
1129 3141 1162 3193 et
1173 3133 1257 3212 λόγος
1271 3133 1353 3215 apud

130 3271 252 3348 Lxx.
276 3266 359 3343 aaut
375 3296 450 3342 raro
467 3290 628 3345 occurrat.
655 3278 716 3344 utit
734 3279 851 3345 iterum
862 3292 1034 3355 autumant,
1057 3282 1254 3347 abstractum
1269 3285 1355 3366 λόγος

129 3382 291 3452 adlrilleri
307 3382 347 3446 ah
364 3383 523 3467 Apostol'o
537 3405 596 3468 pro
613 3394 767 3449 consueto
799 3383 940 3468 λέγωντὰ
964 3394 1017 3449 τοῦ
1033 3394 1120 3462 θεοῦ,
1136 3395 1282 3451 doctriua
1295 3409 1353 3451 seu

128 3494 264 3557 veritas
286 3506 345 3573 pro
375 3488 509 3551 doctore
529 3487 688 3563 {veritatis
715 3488 753 3574 ⁵).
786 3484 848 3554 Atti
873 3489 948 3554 illud
973 3491 1047 3555 inde
1073 3491 1235 3566 derivant,
1268 3495 1352 3578 quod

125 3598 242 3678 Λΰγος
264 3593 309 3656 ad*
325 3586 468 3666 Patrem,
491 3591 536 3657 utl
557 3592 640 3658 ratio
662 3615 720 3658 seu
743 3592 887 3682 cognitio
904 3597 944 3661 ad
967 3602 1106 3662 mentem
1128 3596 1290 3663 referatur
1313 3607 1351 3675 ο).

133 3790 405 3811 ...ι-Μ*

172 3879 200 3944 ¹)
221 3879 307 3931 Joan.
327 3879 433 3939 1‚1.3.
453 3877 495 3930 lh.

171 3963 202 4032 ³)
220 3982 250 4022 v.
272 3971 315 4018 15.

171 4054 202 4116 ⁸)
222 4071 249 4108 v.
270 4059 309 4108 17.

171 4144 377 4208 ἢὴηο

172 4235 200 4301 ⁵)
230 4236 274 4287 Gt.
301 4234 408 4290 clem.
436 4234 540 4287 Alex.
570 4238 668 4287 strom.
688 4240 706 4286 t.
726 4240 754 4287 2.
774 4251 800 4287 r.
818 4240 846 4288 r.
867 4235 938 4302 Opp.
957 4239 989 4288 Τ.
1010 4241 1033 4288 1.
1056 4257 1079 4306 p.
1097 4240 1147 4290 eth
1165 4252 1206 4293 ss.
1225 4263 1256 4276 ·—
1276 4237 1353 4288 Ort·

130 4340 229 4393 gen.
248 4328 280 4376 tn
297 4330 378 4376 Jouu.
398 4335 417 4378 t.
440 4331 464 4374 t.
483 4342 508 4376 ο.
526 4329 576 4376 42.
595 4323 666 4389 Opp.
686 4327 718 4376 Τ.
735 4325 760 4376 h.
780 4341 806 4390 p.
828 4326 871 4376 ²43.
888 4328 921 4376 ht
939 4341 965 4378 s.

173 4409 202 4479 ⁶)
223 4413 268 4466 (ll.
286 4414 393 4465 clem.
413 4413 510 4466 Alex.
530 4419 653 4475 Pueclup.
674 4422 692 4466 1.
713 4421 740 4468 1.
760 4434 786 4468 ι’.
809 4420 934 4468 12--ra.
952 4417 985 4468 Τ.
1005 4419 1028 4470 l.
1047 4424 1073 4482 p.-
1100 4414 1149 4466 1'56
1166 4431 1206 4468 ss.
1227 4443 1257 4452 -
1277 4417 1353 4468 Ori·

120 4514 225 4565 gen.
245 4507 379 4556 IuJouu.
398 4514 415 4555 t.
439 4509 462 4554 t.
481 4521 508 4555 u.
527 4508 577 4555 42.
595 4505 626 4554 Τ.
648 4504 671 4554 h.
691 4518 716 4569 p.
735 4506 767 4556 h6
794 4520 820 4558 s.
847 4510 912 4556 Ado.
941 4509 1011 4558 Cels.
1031 4511 1048 4561 Ι.
1070 4515 1086 4560 ο
1118 4524 1144 4560 ο.
1164 4510 1211 4560 39.
1231 4504 1264 4560 Τ.
1287 4519 1307 4572 1Ι
1327 4521 1352 4577 p.

117 4594 203 4648 808.
224 4597 244 4646 1.
261 4597 286 4645 6.
303 4610 329 4646 rt.
349 4598 396 4644 71.
415 4608 442 4661 p·
461 4595 519 4645 686.
538 4593 571 4646 E.
