2926 5168
1256 209 1297 280 hi

93 374 153 431 aud
178 375 315 451 utroque
330 371 452 448 specie,
478 367 647 430 narratus
664 373 778 430 condo
798 373 916 428 sectum
938 366 1202 446 menantium
1223 363 1301 429 Ae·

94 491 201 535 neas
231 471 426 554 Sylvius,
463 474 631 535 lisctotua
654 479 694 534 de
719 476 1016 534 communicasset
1037 479 1174 551 utroque
1195 473 1302 548 specie

92 584 205 640 contra
227 579 388 641 Bolsemos
410 584 441 640 et
466 580 656 657 Taooruar,·
679 574 868 641 Thomas
888 575 1053 650 Natter,
1076 594 1094 638 a
1113 576 1184 638 loco
1202 572 1301 638 natali

93 680 337 748 Waldensis
358 679 474 755 dictus,
497 684 682 746 Doctrincls
702 686 925 764 antiquitatum
940 685 1019 763 fidei
1046 682 1213 744 Ecclesiae
1235 684 1301 743 Co·

92 791 230 852 thelicae
241 790 398 851 adoneus
419 787 608 869 Wtclsffr'toa
624 795 655 850 et
671 791 838 861 Heraites,
855 796 888 850 et
898 787 1090 848 Fasciculus
1102 792 1302 849 zizaniorum

99 894 249 974 Wr'cleffs'.
279 889 402 956 Contra
430 891 685 957 schismaticos:
706 892 954 965 Anselmus,
977 890 1160 976 Episcopus
1181 889 1301 954 Havel·

94 995 284 1084 bergensis,
306 999 517 1077 Dioloqorum
545 1001 703 1060 adversus
729 996 874 1060 Graecos
896 999 968 1060 libra·
993 1005 1081 1077 lr·os;
1111 995 1302 1059 Thomas

94 1101 306 1188 Aquinas,
336 1103 528 1183 Opuecrclum
553 1111 664 1165 contro
697 1123 825 1165 errores
853 1101 1071 1180 Graecorum,·
1102 1101 1303 1172 Nicetas,

93 1205 278 1291 Episcopus
292 1207 619 1280 Thessalonicensis,
641 1208 734 1270 Libri
757 1207 807 1269 VI
822 1208 1019 1284 malcomum
1040 1209 1079 1268 de
1100 1209 1305 1283 processione

95 1312 302 1393 circuitum,-
322 1310 589 1395 Nicephorus
610 1310 888 1384 Blemmidas,
918 1311 1098 1376 Monachus
1130 1310 1163 1374 in
1194 1311 1302 1375 Mace·

96 1414 208 1490 donia,
231 1414 411 1480 eruditione
429 1428 463 1481 et
479 1417 600 1502 pietate
615 1423 701 1482 inter
718 1417 869 1483 Graecos
889 1415 1139 1491 celeberrimus,
1173 1415 1304 1478 Oratio·

94 1543 150 1596 oea
182 1524 329 1584 dacels
351 1529 558 1602 processione
587 1528 726 1604 Spiritus
754 1531 809 1605 S.,·
840 1534 934 1607 atque
965 1543 1009 1586 ex
1030 1520 1111 1606 ipsis
1145 1517 1302 1583 Graecis:

95 1628 283 1691 loannes
304 1624 509 1703 calecas,
537 1628 800 1704 Barlaamus,
821 1625 1080 1699 Bessarion,
1102 1636 1177 1710 post
1207 1645 1300 1688 suum

42 1764 46 1766 ἡ
96 1732 132 1796 ad
153 1730 289 1796 Latinos
310 1731 480 1798 transitum
503 1732 685 1799 cardinalis
705 1733 831 1808 iactus,
853 1734 1043 1797 Joannes
1066 1731 1303 1816 Argyropo-

97 1842 171 1913 lus,
194 1847 228 1901 ct
244 1835 456 1923 Georgius
477 1838 850 1923 Trapezuntinus,
871 1837 1008 1903 Nicolao
1027 1836 1066 1900 V.
1084 1837 1124 1899 ah
1143 1832 1301 1918 epistolis.

516 2007 541 2090 ξ.
562 2005 601 2075 9.
626 2002 882 2076 conclusio.

176 2156 388 2223 Periodus
410 2158 556 2226 tertia.
585 2160 615 2222 Α
636 2158 754 2223 dimido
776 2159 899 2225 saeculi
915 2159 992 2237 XV,
1010 2178 1113 2242 nsque
1133 2158 1174 2221 ad
1191 2166 1305 2220 nostra

96 2274 251 2349 tempora.
268 2299 308 2312 -
323 2265 471 2328 Studium
493 2265 695 2329 litteraturae
717 2264 866 2350 antiquae
888 2285 947 2350 per
970 2264 1120 2328 Graecos
1139 2260 1304 2349 fugitivos,

94 2367 228 2452 imperio
253 2367 399 2432 orientali
422 2389 441 2432 a
469 2369 592 2435 Tuscis
610 2380 768 2454 occupato
778 2416 791 2451 ,
821 2370 854 2435 in
876 2369 968 2433 ltalia
986 2379 1019 2432 et
1034 2367 1108 2432 inde
1131 2366 1227 2431 etiam
1245 2385 1304 2451 per

96 2471 175 2536 alias
192 2472 382 2538 Occidentis
400 2485 513 2557 partes
528 2473 623 2537 latius
639 2485 867 2562 propagatum,
889 2495 952 2538 non
971 2484 1101 2559 poterat
1120 2494 1182 2536 non
1207 2472 1239 2535 in
1261 2470 1305 2534 di·

96 2577 250 2661 sciplinas
270 2577 474 2666 theologicas
493 2578 686 2667 generatim,
698 2578 960 2667 etTheologiam
974 2577 1189 2665 dogmaticam
1202 2575 1304 2661 speci·

89 2684 168 2749 atim
184 2683 250 2747 tim
267 2703 358 2746 suam
375 2684 545 2772 benignam
564 2703 666 2769 aeque
678 2704 717 2749 ac
735 2685 882 2749 nocivam
901 2704 1068 2749 exserere.
1083 2683 1204 2745 Amore
1221 2679 1304 2745 enim

85 2790 271 2854 litterarum
289 2788 522 2873 elegantiorum
544 2789 686 2853 excitato
705 2786 854 2853 ellectum
879 2800 940 2862 est,
958 2801 992 2852 ut
1011 2788 1152 2852 studium
1175 2787 1303 2873 linguae

84 2913 244 2979 grecam,
266 2893 384 2958 latinae
408 2905 441 2957 et
462 2893 633 2959 hebraicae
654 2893 881 2970 revivisceret,
903 2905 992 2956 artes
1013 2892 1046 2955 in
1068 2911 1195 2974 gennae
1217 2889 1305 2955 efflo-

80 3009 274 3074 rescerent,
297 2998 499 3084 studiumque
522 2999 722 3063 litteraturae
739 2997 956 3070 Christianae,
979 2999 1013 3060 S.
1033 2996 1223 3081 scripturae
1242 2998 1305 3061 sci·

81 3104 167 3170 licet
189 3112 223 3165 et
244 3100 440 3187 scriptorum
463 3102 679 3176 SS.Patrum,
701 3101 880 3187 impensius
901 3103 1073 3167 coleretur.
1095 3100 1224 3165 Meliori
1245 3100 1303 3164 ita·

75 3229 153 3296 qne
184 3205 365 3271 litterarum
393 3217 492 3292 gustu
523 3205 580 3270 tali
611 3205 736 3271 ratione
764 3217 880 3283 enato,
914 3205 1098 3270 necessario
1130 3203 1302 3268 methodus

73 3310 290 3380 scholastica
319 3331 378 3374 sua
407 3310 525 3374 vitiosa
557 3312 641 3376 haud
672 3332 748 3375 raro
777 3310 974 3385 subtilitate,
1015 3330 1054 3374 ac
1085 3319 1238 3392 corrupta
1270 3318 1303 3370 et

69 3416 212 3484 inculta
233 3414 374 3479 dictione
395 3414 505 3479 multis
527 3416 699 3501 displicere
719 3416 836 3501 coepit.
858 3416 1067 3499 Quapropter
1090 3423 1305 3477 surrexerunt

63 3527 203 3610 plures
215 3519 287 3595 viri,
311 3519 364 3605 qui
383 3521 593 3605 pertractatis
606 3521 744 3609 singulis
763 3520 916 3595 materiis,
939 3519 1101 3605 quomodo
1118 3515 1305 3603 Theologia

64 3622 291 3694 scholastica
327 3626 572 3699 emendaretur,
612 3627 763 3711 exemplo
795 3627 970 3690 ostendere
1008 3623 1113 3689 conati
1146 3633 1240 3696 stant,
1272 3632 1306 3684 et

60 3729 138 3797 atii
166 3727 299 3804 iterum,
321 3727 374 3813 qui
394 3727 480 3792 viam
504 3729 671 3815 hucusque
692 3730 800 3794 tritam
823 3731 980 3794 deserere
1003 3738 1212 3803 monuerunt,
1240 3746 1304 3790 me-

55 3829 269 3918 lioremque
282 3831 474 3897 'methodum
483 3833 703 3923 Theologiam
720 3834 879 3907 tradendi,
892 3846 928 3898 ut
941 3834 1092 3901 Melchi
1102 3855 1147 3897 or
1169 3832 1304 3898 Canus

53 3935 117 4003 im
142 3956 247 4020 opere
267 3939 319 3998 De
338 3939 417 4000 locis
443 3939 652 4020 l'lreoloqicr's,
674 3944 774 4002 multa
796 3938 992 4012 eruditione,
1015 3949 1086 4003 arte
1119 3949 1152 4002 et
1174 3938 1304 4024 elegan-

52 4043 135 4106 tia
158 4039 366 4125 conscripto,
398 4041 623 4107 exhibuerunt.
652 4043 767 4128 Neque
789 4042 905 4130 negari
927 4055 1055 4128 potest,
1085 4041 1304 4128 Theologiam

52 4165 210 4210 revera
231 4145 272 4207 ad
294 4145 460 4210 meliorem
491 4146 618 4234 frugem
640 4146 788 4212 converti
810 4147 970 4232 coepisse.
992 4147 1152 4213 Pauciora
1174 4146 1304 4233 quidem

57 4259 169 4315 sunt
190 4260 328 4314 exarata
353 4269 473 4333 opera,
502 4251 534 4315 in
566 4250 681 4336 quihus
703 4251 898 4335 praecipuae
926 4264 1040 4338 partes
1067 4250 1210 4336 propriis
1231 4250 1304 4315 reli·

56 4351 201 4447 gioria
231 4352 392 4428 lontibus,
421 4354 455 4418 S.
488 4353 678 4438 Scripturas
712 4367 746 4419 et
776 4355 961 4420 Traditioni
992 4358 1117 4420 delatae
1149 4354 1303 4426 fuissent;

58 4469 189 4540 atque
210 4457 348 4542 pristina
368 4458 539 4524 methodus
568 4459 676 4524 omnia
704 4480 747 4524 ex
770 4459 895 4544 placitis
925 4459 1147 4545 philosophiae
1179 4459 1303 4524 Aristo·

59 4554 208 4639 celicas
236 4561 496 4640 demonstrandi,
529 4563 739 4650 quaestiones
766 4584 862 4657 quam
890 4563 1044 4653 plurimas
1072 4563 1105 4628 in
1135 4577 1303 4651 nitrumque
