2926 5168
1277 232 1342 312 lbt'

137 406 241 473 neque
258 388 458 470 producatur
474 393 593 475 uliquis
609 412 653 456 ea
672 395 724 464 iis,
741 396 795 476 qul
814 393 852 455 de
867 392 1003 473 leopati
1021 397 1247 458 eaisbntantur
1254 441 1266 477 ,
1289 401 1344 478 pat

133 500 200 557 oris
223 497 406 561 inhalantes
427 517 544 562 numen
566 504 606 561 dc
627 501 739 561 nidore
762 502 957 577 concipiunt,
981 505 1034 582 qui
1055 492 1209 562 ructando
1226 521 1343 565 canan·

133 607 199 680 tur,
221 607 276 684 pul
300 604 479 666 anhelando
505 608 698 685 profantur5
722 639 758 651 -—
782 607 848 665 nisi
869 623 905 665 se
927 604 1094 667 doemones
1111 602 1257 680 confessi
1268 612 1342 688 sue·

133 713 208 782 rint,
234 707 420 773 Christiano
441 713 571 772 mentiri
585 729 651 771 non
663 710 832 783 audentes,
853 709 967 770 ibidem
981 710 1070 771 illius
1088 711 1263 773 Olcristiani
1270 733 1343 792 pro·
1403 698 1409 719 .

130 815 290 874 carissimi
312 821 500 893 sanquinem
520 816 659 892 fundite.
687 850 727 860 -
761 816 921 877 Christum
957 816 1102 874 timentes
1129 818 1163 876 in
1190 817 1259 878 Deo
1270 863 1282 896 ,
1313 825 1346 881 et

129 916 233 978 Deum
248 921 282 978 in
302 918 446 993 Obristo,
468 923 681 997 subjiciuntur
699 925 802 982 cercis
820 921 881 981 Dei
898 925 928 980 et
952 918 1093 980 coristi.-
1127 923 1173 982 ito
1199 928 1239 982 tle
1263 940 1341 983 con-

129 1028 230 1095 tactu,
262 1031 364 1105 deque
392 1028 507 1106 afflatu
536 1030 665 1096 nostro,
698 1026 960 1106 contemplatione
992 1030 1024 1084 ct
1048 1032 1344 1103 repraesentatione

127 1129 213 1204 ipnis
229 1130 318 1190 itlius
334 1135 483 1209 correpti,
494 1133 589 1191 etiam
601 1131 640 1192 de
655 1132 838 1210 corporibus
851 1137 961 1191 nostro
975 1133 1105 1209 irnperio
1117 1133 1281 1194 recedunt
1295 1136 1341 1195 in·

128 1236 182 1292 alti
204 1239 234 1293 el
252 1234 417 1310 dolentes,
441 1243 473 1297 et
501 1235 588 1296 calis
605 1240 829 1315 praesentibus
868 1237 1090 1297 erubescentes
1113 1241 1150 1310 ¹).
1182 1236 1245 1299 Ast
1281 1254 1342 1300 nec

129 1357 207 1415 opus
234 1349 285 1401 est
307 1339 387 1402 haec
410 1338 552 1426 allegare
582 1338 715 1405 Patrum
740 1339 941 1413 testimonia;
972 1360 1068 1424 quum
1097 1359 1134 1402 ea
1161 1338 1342 1404 adversarii

128 1442 212 1506 haud
230 1455 365 1529 negent,
388 1444 449 1507 sed
468 1444 665 1528 explodunt,
688 1445 803 1528 majori
820 1445 930 1532 utiquc
952 1442 1148 1529 supercilio,
1171 1463 1265 1526 quam
1291 1465 1340 1508 ra·

128 1545 225 1611 tione.
248 1549 333 1612 Nam
348 1549 411 1612 viri
428 1548 481 1612 isti
499 1549 615 1613 nullius
629 1551 817 1636 plerumque
838 1550 933 1614 studii
954 1560 986 1611 et
1008 1546 1197 1611 levissimae
1222 1549 1339 1629 doctri·

128 1672 189 1716 nae
207 1654 305 1717 multo
322 1675 357 1717 se
374 1653 598 1718 celeberrimis
617 1654 783 1740 quibusvis
800 1655 973 1719 Ecclesiae
997 1652 1150 1716 Patribus
1176 1653 1340 1718 doctiores

127 1769 249 1841 putant,
272 1757 335 1843 ipsi
354 1757 544 1843 Scripturas
560 1760 645 1823 baud
665 1770 848 1844 parcentes,
872 1781 964 1845 quam
979 1769 1033 1822 aut
1050 1768 1163 1841 aperte
1179 1759 1338 1842 reJiciunt,

126 1874 181 1926 aut
199 1874 321 1927 tantum
340 1864 402 1928 hac
418 1864 492 1950 lege
508 1864 667 1939 retinent,
687 1876 723 1929 ut
741 1885 884 1940 omnem,
914 1886 1007 1950 qnam
1034 1863 1097 1948 ipsi
1124 1864 1252 1938 volunt,
1275 1864 1337 1926 tor·

128 1988 212 2031 mam
230 1967 357 2043 induat,
380 1989 484 2055 neque
504 1971 543 2034 de
561 1970 593 2033 vi
609 1969 672 2033 sibi
685 1969 773 2034 illata
787 1981 1013 2056 conqueratur,
1023 1969 1118 2055 idque
1135 1968 1337 2032 solummodo

125 2085 320 2157 propterea,
343 2095 383 2138 nc
409 2074 533 2139 alideli
556 2076 660 2139 adbuc
680 2074 773 2158 plebe
796 2073 942 2149 offensa,
966 2095 1047 2159 quae
1071 2074 1105 2136 S.
1135 2072 1339 2157 scripturam

124 2188 159 2240 ut
174 2179 309 2242 verbum
328 2178 468 2243 divinum
484 2192 668 2257 veneratur,
680 2191 831 2265 tanquam
848 2178 1166 2266 pseudo-prophetae
1177 2198 1216 2244 ac
1238 2179 1338 2265 impo-

125 2293 233 2347 stores
248 2283 465 2368 repudientur.

211 2391 336 2453 Sensus
354 2401 462 2454 autem
481 2390 655 2455 Ecclesiae
672 2389 847 2454 universae
868 2389 921 2453 vel
937 2388 1059 2452 exsulo
1077 2389 1338 2454 exorcismorum
1370 2371 1377 2387 ’

126 2517 202 2569 usu,
225 2495 278 2581 qui
295 2516 313 2558 a
331 2494 443 2580 primis
467 2496 608 2561 saeculis
625 2495 657 2559 in
678 2494 831 2560 Ecclesia
857 2493 1017 2576 obtinuit,
1046 2513 1107 2557 nec
1130 2515 1194 2558 non
1223 2496 1338 2560 Exor-

128 2600 282 2664 cistarum
300 2600 411 2665 ordine
433 2601 580 2665 instituto
602 2599 769 2665 evincitur.

211 2706 366 2771 Permisit
385 2719 492 2772 autem
507 2705 621 2782 Deus,
643 2718 679 2769 ut
697 2705 750 2769 illo
764 2705 921 2788 temporis
938 2702 1121 2777 curriculo,
1152 2723 1213 2787 quo
1244 2701 1335 2767 Chri·

124 2822 194 2873 stus
203 2810 363 2895 publicam
373 2811 458 2875 inter
466 2810 616 2876 homines
628 2808 697 2896 egit
706 2815 818 2884 vitam,
831 2819 940 2873 tantus
951 2819 1042 2873 esset
1052 2807 1335 2872 daemoniacorum

124 2936 294 2988 numerus,
317 2928 352 2979 ut
368 2915 517 2980 Christus
540 2918 602 2980 hac
619 2914 746 2979 ratione
770 2934 806 2976 se
832 2912 992 2978 victorem
1018 2913 1154 2988 diaboli,
1189 2911 1241 2997 qui
1272 2933 1334 2996 quo

124 3025 230 3112 magis
247 3021 394 3088 homines
412 3022 453 3085 ad
468 3019 728 3106 resipiscentiam
751 3030 783 3082 et
807 3019 847 3082 ad
876 3017 1135 3104 conjunctionem
1159 3038 1232 3081 cum
1261 3015 1334 3079 Deo

124 3131 327 3204 excitantur,
351 3148 390 3191 eo
402 3126 508 3213 magis
527 3125 616 3190 vires
632 3123 770 3188 intendit
784 3124 823 3187 ad
840 3123 945 3188 illesa
964 3125 1037 3186 Deo
1055 3121 1260 3194 avertendos,
1278 3141 1330 3204 pa·

122 3240 185 3303 lam
200 3237 367 3322 probaret,
391 3245 424 3297 et
446 3230 564 3296 visibili
592 3230 778 3316 operatione
804 3227 1002 3293 invisibilem
1019 3226 1198 3301 victoriam,
1228 3237 1260 3287 et
1282 3225 1331 3288 ln·

128 3341 325 3410 carnationis
343 3336 588 3404 saluberrimum
604 3336 701 3401 linem
721 3337 968 3400 demonstraret.

204 3451 341 3510 Obser.
365 3451 392 3512 1.
422 3448 547 3506 Priscus
572 3446 749 3520 Scriptores
768 3462 980 3520 nonnunquam
1004 3442 1151 3518 quosdam
1177 3456 1288 3515 aegros
1311 3456 1329 3495 a
1372 3478 1373 3481 ,

120 3562 263 3619 daemone
279 3557 427 3616 obsessos
454 3553 589 3619 dixisse,
623 3551 672 3627 qui
699 3568 807 3626 reapse
837 3549 957 3608 obsessi
986 3566 1046 3606 non
1067 3555 1173 3616 erant,
1206 3541 1328 3602 concedi

120 3675 241 3743 potest.
272 3667 414 3724 Attamen
450 3659 629 3717 vocabulum
666 3657 781 3732 tropice
825 3672 1036 3730 nonnunquam
1072 3652 1236 3711 adhibitum
1267 3665 1326 3706 non

120 3773 233 3831 amittit
272 3786 396 3827 sensum
435 3783 521 3823 suum
553 3764 697 3822 nativum.
727 3759 800 3834 Quis
837 3760 960 3838 negabit
997 3759 1061 3817 dari
1096 3774 1221 3825 aurum,
1256 3755 1327 3830 quia

119 3888 202 3937 aetas
220 3873 364 3953 quaedam
383 3888 484 3940 aurea,
507 3870 593 3928 aurei
613 3866 815 3934 Sacerdotes,
837 3865 950 3942 Reges,
972 3865 1131 3940 Principes
1158 3855 1327 3919 dicuntur?

119 3981 160 4046 Et
177 4000 264 4043 omen
282 3990 311 4038 et
332 3995 441 4038 nomen
462 3978 530 4034 auri
549 3983 638 4034 antea
661 3972 798 4041 exstitit,
820 3971 994 4048 priusquam
1010 3968 1087 4026 idem
1114 3968 1240 4025 verbum
1264 3974 1325 4023 tro·

119 4091 185 4166 pice
201 4087 401 4147 adhiberetur.
425 4083 477 4141 sic
493 4081 614 4140 obsessi
629 4097 735 4156 reapse
752 4097 769 4136 a
787 4076 929 4135 daemone
947 4074 1143 4144 videbantur,
1166 4082 1326 4147 antequam
1439 4125 1440 4128 ,

119 4194 337 4254 infirmantium
360 4188 478 4264 quidam
501 4186 706 4246 similitudinis
724 4202 797 4261 ergo
822 4180 1008 4240 daemoniaci
1028 4178 1100 4235 dicti
1116 4188 1196 4235 sunt.

204 4299 372 4358 Observ.
393 4297 423 4360 2.
446 4295 532 4353 Licet
551 4291 714 4352 secundum
730 4288 810 4348 dicta
826 4306 885 4346 uon
904 4285 1002 4344 omnis
1019 4285 1139 4342 omnino
1162 4281 1249 4339 nobis
1274 4298 1325 4339 no·

120 4406 206 4468 cendi
225 4415 359 4481 potestas
376 4400 513 4461 daemoni
528 4397 764 4476 per-Christum
790 4394 830 4450 sit
855 4392 971 4454 ablata:
1004 4391 1089 4449 nimii
1115 4398 1215 4446 tamen
1244 4393 1326 4456 sunt,

156 4622 179 4690 1)
195 4625 306 4683 Aeolon
322 4636 348 4674 n.
365 4621 415 4675 23.
431 4617 504 4684 opp.
520 4614 557 4669 V.
577 4616 601 4668 1.
619 4625 647 4679 p.
659 4612 691 4663 bl
709 4623 736 4665 s.
750 4606 793 4660 Gi.
810 4611 852 4662 Ad
865 4608 947 4665 sano.
968 4622 995 4659 n.
1019 4606 1050 4656 2.
1062 4609 1089 4653 ct
1100 4605 1130 4653 4.
1144 4613 1173 4664 p.
1189 4602 1247 4653 12⁹.
1269 4599 1328 4655 131.

1085 4690 1125 4756 31
1169 4735 1172 4742 -
