2926 5168
68 290 69 293 ’
136 269 201 342 tto
836 336 848 377 ι

135 423 290 512 Origenis
312 422 487 508 discipulus
509 426 545 499 (τ
566 443 594 488 e.
618 436 645 485 a.
666 418 766 505 265.):
797 416 890 486 Unus
910 417 1000 484 Deos
1020 413 1117 486 Pater
1145 422 1265 486 Verbi
1285 423 1337 487 ni-

133 534 286 611 ventis,
307 529 556 608 Sapientiae
578 530 857 590 subsistentis
888 538 918 589 et
936 531 1153 607 potentiae
1179 542 1227 593 de
1248 531 1338 591 otia-

133 639 342 699 raoteris
373 636 649 712 sempiterni:
668 636 835 713 perfectos
852 636 1041 713 persenti
1067 638 1218 715 penites,
1246 641 1340 698 Pater

132 744 242 806 Titii
269 744 483 820 onipeniti.
517 739 630 804 Unus
652 740 855 802 Dominus
882 745 1001 802 sotus
1021 759 1072 802 en
1093 742 1208 812 eom,-
1233 741 1340 803 Deus

131 849 292 912 delteo.
327 849 622 909 Charaeteret
647 849 779 924 imapo
811 847 994 907 deitatis.
1031 847 1212 909 Verium
1234 849 1340 926 effi-

132 956 467 1033 can.-Sapientto
488 954 800 1014 constitutionis
821 971 958 1013 rernm
979 953 1339 1031 comprehensiva:

132 1064 173 1121 et
192 1061 339 1120 airtns
359 1065 486 1137 atque
505 1061 702 1136 potentio
729 1059 949 1119 universae
978 1063 1204 1119 creaturae
1234 1059 1340 1137 effe·

133 1164 676 1226 otioa.1tiliosverosvert
698 1165 856 1236 Patris,
890 1161 1135 1224 invisibilis
1165 1165 1258 1240 eins,
1286 1165 1341 1243 qui

131 1274 181 1329 est
197 1269 376 1345 invisibilis,
398 1273 431 1329 et
449 1267 810 1346 incorruptiiitis
831 1270 1025 1346 corruptioni
1045 1286 1111 1330 non
1132 1268 1281 1340 obnoxii,
1303 1286 1340 1328 ae

129 1374 384 1437 immortalis
411 1377 522 1434 mortis
548 1393 685 1452 prorsus
714 1377 833 1452 nescii,
862 1378 896 1433 et
913 1375 1199 1454 sempiternos
1220 1373 1339 1450 sempi-

129 1483 212 1541 terni
235 1481 279 1558 ¹).
300 1515 341 1525 —
364 1476 613 1560 Dionysius,
640 1475 857 1541 Alexandriae
885 1474 1088 1561 Episcopus,
1112 1477 1152 1540 do
1173 1495 1257 1540 vora
1278 1473 1340 1539 fido

128 1576 338 1670 propaganda
360 1582 647 1647 vehementissimo
668 1582 842 1647 sollicitum
879 1582 956 1656 (ini
987 1603 1038 1644 en
1058 1583 1143 1645 lieo
1165 1587 1342 1644 estante

128 1692 304 1751 saerata
322 1694 520 1770 penitas,
551 1693 621 1767 ipse
650 1693 802 1751 extremis
829 1689 1021 1767 temporibus
1050 1708 1094 1749 ee
1122 1692 1341 1749 matronatus

92 1795 100 1809 '
129 1802 185 1858 est.
207 1798 333 1858 ideireo
352 1798 553 1857 Deieidae
574 1797 802 1869 sansoniae,
834 1797 910 1876 qaia
929 1794 1146 1856 Dominum
1173 1795 1341 1870 pieriae

127 1902 366 1980 erueiflnemmt.
390 1901 464 1962 Nisi
482 1907 566 1963 enim
581 1905 706 1980 fnisset
722 1900 870 1962 Christus
890 1901 1004 1972 idem,
1027 1902 1097 1980 poi
1117 1903 1217 1960 erat
1234 1898 1341 1959 Deos

132 2009 309 2080 Verium,
320 2027 385 2068 non
397 2013 525 2087 poterat
538 2027 613 2069 esse
624 2008 754 2070 otienns
767 2027 788 2068 o
800 2012 957 2087 potestate
969 2005 1134 2086 peeeondi.
1145 2003 1250 2066 Nemo
1259 2005 1341 2064 enim

127 2117 184 2184 est,
206 2116 262 2193 qai
280 2132 417 2193 peceare
443 2132 510 2174 non
528 2098 650 2193 possit,
671 2115 756 2173 nist
782 2130 889 2172 ortus
920 2113 1135 2181 Christos,
1163 2111 1283 2170 sient
1301 2114 1341 2169 et

128 2223 259 2280 Pater
290 2215 467 2298 coristi,
489 2228 530 2280 et
556 2217 592 2280 S.
621 2221 815 2295 Spiritus
843 2219 888 2295 ²).
920 2213 964 2278 Et
992 2213 1126 2277 iterum:
1156 2217 1290 2303 Scripsi,
1312 2217 1340 2272 et

125 2324 249 2397 sartio,
278 2330 309 2384 et
336 2325 487 2400 confiteor
516 2343 554 2384 ao
580 2324 685 2394 eredo,
716 2333 749 2385 et
765 2323 914 2403 praedico
942 2327 1196 2383 coaeternum
1222 2315 1340 2381 Patri

128 2430 341 2490 Christum
361 2432 611 2506 unipenitnm
634 2435 678 2489 et
702 2428 875 2491 Verium
892 2430 1038 2490 Patris
1060 2423 1098 2508 ³).
1121 2459 1161 2471 —
1182 2421 1337 2486 Motho·

88 2534 89 2538 ’
126 2530 230 2606 dius,
253 2530 390 2617 primum
419 2529 548 2615 Olympi
569 2530 711 2615 Lyciae,
748 2530 861 2595 deinde
884 2529 968 2613 Tyri
997 2529 1030 2593 in
1059 2525 1237 2592 Phoenicio
1265 2525 1337 2611 lipi-

126 2655 265 2719 scopus,
296 2634 348 2720 qui
378 2636 505 2717 Martyr
536 2656 594 2720 pro
625 2635 757 2701 Christo
786 2634 935 2700 occubuit
963 2654 990 2700 c.
1020 2653 1048 2696 a.
1078 2637 1167 2700 stt:
1197 2634 1338 2696 Deeeiat

126 2744 211 2804 e'nim
239 2745 573 2819 primopenitum
594 2744 682 2814 Dei,
716 2763 764 2803 aa
790 2744 1056 2820 unipenitnm
1082 2757 1259 2815 permen
1292 2736 1339 2821 (id

126 2851 178 2907 esi
195 2844 410 2925 Sapientiam)
429 2850 567 2922 primum
583 2851 725 2925 formato
744 2851 911 2927 primoque
939 2865 979 2906 aa
1002 2845 1214 2924 primopenito
1233 2843 1334 2905 ooni-

125 2970 202 3019 nnm
221 2956 349 3026 pencris
370 2951 489 3013 ttomini
509 2957 686 3014 admistum
709 2952 869 3014 hominem
886 2953 969 3031 fleri.
997 2951 1040 3010 Id
1061 2951 1145 3010 enim
1175 2949 1336 3023 Christum

125 3075 209 3135 esse,
231 3056 387 3117 hominem
405 3075 532 3134 pora
558 3058 840 3136 perfectoque
868 3059 1069 3116 deitate
1087 3053 1277 3133 pienum,
1298 3058 1335 3113 et

123 3160 259 3235 Deam,
281 3166 335 3243 poi
362 3164 397 3221 in
421 3161 546 3223 domine
567 3165 713 3239 sopiatur
729 3159 802 3243 (seu
819 3163 956 3223 dominis
968 3163 1081 3237 forma
1098 3155 1274 3241 inditium).
1298 3190 1331 3203 -

126 3266 378 3327 Consentaneum
400 3269 512 3348 qnippe
527 3267 611 3339 fnit,
641 3285 706 3326 non
723 3266 763 3326 ai
781 3266 846 3326 atio
872 3268 956 3327 ainsi
979 3264 1148 3335 diabolum,
1170 3281 1271 3345 qoam
1294 3266 1330 3322 ai

122 3369 177 3429 iito
194 3371 274 3444 ipso,
296 3389 388 3450 quem
405 3390 426 3430 o
440 3390 475 3431 se
493 3373 668 3442 seductum,
690 3390 770 3432 sune
782 3391 819 3432 se
837 3373 1001 3450 tyrannidi
1019 3369 1198 3447 ntdjeeisse
1209 3368 1327 3445 piorit-

124 3474 224 3535 dotnr.
246 3481 328 3536 Nom
351 3495 454 3556 neque
481 3476 575 3536 aliter
601 3481 682 3538 soioi
700 3482 883 3554 peceatum,
907 3482 940 3537 et
960 3474 1201 3536 damnationem
1215 3472 1327 3536 adoleri

120 3579 274 3657 possitiie
292 3585 381 3659 erat,
414 3583 479 3642 nisi
496 3599 614 3641 rursus
637 3581 692 3641 itte
707 3584 777 3659 ipse
796 3582 903 3652 tiomo,
933 3582 969 3641 oi
986 3599 1080 3662 onem
1102 3579 1222 3640 dietum
1244 3581 1327 3638 erat:

123 3730 143 3757 ‚,
151 3686 251 3747 Terra
270 3707 315 3758 es,
338 3693 370 3747 et
381 3691 416 3749 in
437 3693 557 3749 terram
572 3689 773 3758 reverteris,“
795 3690 1010 3767 reformatos,
1035 3683 1076 3767 [s.
1094 3685 1199 3746 denno
1210 3685 1326 3762 sorma-

124 3787 204 3870 tus),
225 3808 306 3871 qnae
320 3794 392 3869 rins
407 3795 547 3854 reatuin
560 3812 669 3854 omnes
684 3803 884 3874 pervaserat,
907 3795 1096 3854 sententiam
1110 3788 1327 3872 antiqnmnt:

122 3898 158 3954 nt
171 3896 257 3956 sient
272 3898 366 3974 prins
387 3903 422 3959 in
440 3899 543 3960 Adam
562 3916 671 3960 omnes
688 3897 922 3970 moriebantur,
942 3901 991 3960 sie
1008 3901 1088 3959 etin
1106 3895 1234 3960 Odristo
1250 3905 1309 3954 ror·

125 4121 392 4136 Ἃ

123 4224 273 4291 disputare
292 4223 425 4288 videtur,
451 4225 618 4292 explicanda
642 4229 689 4279 vel
708 4227 879 4294 corrigenda
897 4231 995 4282 erunt.
1022 4225 1064 4282 ci.
1083 4227 1255 4282 Athonis.
1274 4218 1302 4272 lit

122 4317 224 4368 decret.
241 4312 311 4368 Nic.
331 4318 398 4378 son.
415 4332 442 4368 n.
462 4321 510 4370 st.
529 4318 601 4384 Opp.
619 4318 652 4371 T.
673 4321 698 4372 1.
715 4319 747 4371 Ρ.
768 4323 791 4371 1.
810 4333 836 4386 p.
853 4320 905 4370 2³2
922 4334 948 4371 s.

156 4407 180 4468 ¹)
206 4407 305 4466 Eepos.
328 4409 374 4465 tid.
399 4406 431 4456 ln
454 4406 612 4461 Monoi.
637 4410 706 4461 Coit.
733 4411 816 4462 Cone.
845 4410 877 4461 T.
905 4412 928 4459 1.
957 4423 983 4462 e.
1009 4411 1083 4462 1029.
1110 4437 1144 4451 -
1169 4409 1301 4471 aresii·

120 4494 145 4544 N
154 4507 228 4558 yos.
249 4498 302 4547 Vit.
320 4498 399 4556 orep.
419 4499 558 4548 Ttiaonmt.
578 4496 647 4565 opp.
666 4496 733 4549 Par.
755 4499 827 4550 1015.
845 4499 876 4549 Τ.
894 4501 920 4550 2.
938 4513 965 4564 p.
983 4502 1042 4551 978.

152 4576 177 4649 ¹)
194 4587 282 4644 Epist.
301 4594 372 4638 oont-
388 4591 468 4639 Psoi.
487 4591 592 4639 Samos.
611 4588 643 4637 ln
660 4588 767 4640 Menai.
785 4590 854 4642 voit.
873 4592 954 4644 Cone.
973 4590 1005 4642 T.
1025 4594 1049 4642 1.
1066 4603 1093 4644 o.
1113 4589 1247 4644 101001

151 4666 334 4742 ³)tt.1ieap.
352 4680 388 4728 od
404 4691 429 4742 o.
448 4681 496 4730 10.
515 4689 540 4731 o.
561 4678 627 4763 iiiii
643 4691 669 4731 a.
