2926 5168
135 373 341 436 iersmlorum
356 373 481 444 ottiuet,
503 370 770 439 contendentium,
792 369 1113 448 polythsismnmaute
1132 369 1279 432 diluuium
1300 370 1345 429 ul*

136 481 264 560 gulose,
284 479 372 557 idque
384 476 449 552 jem
468 496 507 540 ex
526 477 647 539 nomine
671 443 817 571 0555ss
841 483 870 535 ot
899 473 1081 552 phrasibus,
1112 476 1220 554 quidm
1240 476 1346 554 plures

137 631 179 691 dii
195 633 353 711 loquentes
370 631 587 708 proteruntur,
608 639 658 690 ut:
679 629 854 693 Faciamus
872 622 1031 692 nemiuem
1044 627 1092 688 od
1103 627 1288 705 iosoplnem,
1317 630 1351 688 et

136 733 377 797 similitudinem
384 740 536 806 nostram,
552 745 609 798 eto.
620 740 659 809 ¹),
674 734 839 814 adparere:
853 735 982 814 pluralis
995 735 1048 794 ille
1059 749 1204 793 numerus
1220 739 1271 792 aut
1285 749 1345 792 ma·

132 840 363 915 jestatieusest,
374 849 425 901 aut
435 859 508 900 vero
518 842 621 900 tresin
631 844 696 902 Deo
708 859 856 919 personas
867 841 1043 920 exprimens
1051 859 1060 907 ;
1077 855 1186 898 nomen
1202 801 1349 916 ndns&

137 993 418 1071 autemstiamapud
429 991 1348 1072 Scriptorssalios,quorumaeuoeertofidesiuuuumlleum

135 1099 606 1176 inpopulolsrailiticovigebat,
615 1109 645 1159 et
656 1101 816 1177 speciatim
828 1100 903 1176 apud
913 1095 1229 1177 intempestiuum
1245 1113 1348 1155 mono·

136 1203 260 1263 theismi
285 1221 487 1280 praeconem,
507 1205 642 1264 occurrit
658 1200 695 1285 ²),
723 1207 764 1263 llt
791 1222 863 1264 serre
883 1206 1026 1281 Moyses,
1050 1202 1101 1280 qui
1120 1201 1348 1281 legislationem

136 1327 225 1372 auam
245 1308 361 1369 Genesi
390 1309 477 1386 qussi
502 1308 694 1370 fundamento
718 1310 876 1388 imposuit,
912 1308 1146 1376 mouotlteismi,
1178 1308 1229 1389 qui
1254 1307 1349 1366 totius

135 1415 279 1493 antiquae
292 1416 485 1476 oeconomiae
500 1424 590 1491 eaput
606 1423 669 1486 est,
691 1416 860 1492 perieulum
874 1416 904 1475 in
920 1416 972 1475 illo
997 1415 1119 1473 nomine
1144 1412 1222 1475 houd
1251 1411 1347 1482 uidit,

137 1537 234 1597 neque
258 1519 435 1596 Scriptores
459 1519 594 1581 Hebraei
628 1539 664 1580 oo
694 1521 929 1602 polytheismum
952 1519 1122 1598 slgnifieari
1143 1519 1349 1582 crediderunt.

141 1622 249 1683 Omnis
270 1632 371 1683 autem
387 1623 550 1684 difficultas
565 1625 700 1702 disparet
717 1645 773 1703 por
789 1624 1023 1687 declarationem
1046 1626 1158 1705 populo
1177 1623 1350 1685 lsrailitieo

134 1731 266 1790 tromm:
288 1729 374 1789 Seite
387 1747 463 1806 erqo
480 1729 574 1790 lodie
589 1735 621 1791 et
636 1732 771 1806 multato
796 1735 831 1790 tn
853 1730 948 1793 eorde
973 1733 1047 1800 1999,
1078 1729 1166 1807 quod
1192 1728 1350 1791 omenes

132 1836 206 1910 ipse
228 1835 272 1895 99
296 1832 408 1915 oeus,
436 1796 613 1951 nemppe]
627 1837 706 1917 min
724 1827 838 1952 ,up-p,
860 1837 895 1895 m
910 1839 998 1897 9999
1015 1854 1146 1897 mama
1164 1835 1247 1894 9999
1261 1836 1350 1893 serra

131 1985 305 2064 9199999999,
327 1990 361 2045 et
390 2003 455 2047 non
484 1986 531 2046 eit
557 1985 640 2048 otius
660 1986 695 2067 8).
717 1988 796 2050 Hinc
822 1990 875 2048 illa
902 1998 963 2048 tam
987 1989 1129 2067 frequens
1155 1985 1349 2066 compellatio

123 2094 159 2151 J
165 2089 373 2152 cleosa-E
379 2089 509 2152 ludim
529 2087 556 2172 ⁴)
578 2127 615 2138 —
632 2089 689 2167 Qui
703 2112 778 2153 vero
797 2102 954 2167 asserum,
977 2095 1105 2171 primam
1119 2092 1275 2153 hominum
1302 2111 1349 2151 re·

126 2199 281 2276 ligiunem
299 2196 396 2257 tuisse
418 2195 659 2268 ietlsohismum,
682 2217 737 2258 seu
761 2195 874 2258 cultum
898 2217 1003 2261 rerum
1028 2206 1200 2260 creatarum
1219 2197 1348 2257 sensibi-

126 2303 226 2372 lium,
250 2311 280 2361 et
298 2302 517 2364 idololatriam:
547 2321 565 2363 a
592 2304 689 2380 priori
710 2301 872 2365 historiam
896 2306 1089 2384 contingunt,
1120 2311 1150 2364 et
1172 2306 1272 2383 gratis
1298 2320 1347 2362 su·

125 2418 238 2477 ruunt,
260 2407 436 2468 hominesiu
445 2408 668 2485 cognitionibus
683 2427 804 2487 semper
814 2410 973 2486 prolicere,
998 2418 1028 2470 et
1039 2426 1192 2488 nunquam
1206 2408 1348 2488 regredi3

122 2514 212 2594 quod
226 2514 371 2574 universo
384 2511 530 2584 historia,
555 2522 584 2572 et
600 2515 784 2591 praesertim
807 2513 937 2574 historia
957 2515 1119 2593 roligionis
1139 2515 1250 2576 falsum
1277 2531 1347 2575 esse

123 2618 277 2684 ostendit.

379 2817 403 2900 5.
425 2814 611 2886 9199999
634 2831 663 2885 s
684 2817 855 2888 mundo
877 2815 1102 2890 diversus.

219 2992 355 3074 Quando
376 3000 482 3056 autem
497 2988 655 3053 revelatio
674 2988 906 3078 divina,quoad
922 2992 1137 3070 substantiam
1155 3014 1255 3059 unum
1271 3014 1348 3059 esse

119 3103 243 3170 Deum
258 3099 373 3164 docet:
386 3097 484 3183 longe
496 3093 607 3167 obest,
630 3094 704 3183 quin
718 3115 791 3160 oum
804 3095 1006 3163 Pantheistis
1021 3097 1149 3163 nonnisi
1163 3119 1259 3163 unam
1273 3098 1347 3164 sub·

119 3203 287 3273 stantiam
299 3211 430 3275 statuat,
448 3198 668 3284 atqueDeum,
683 3199 902 3289 insemetipso
914 3202 1159 3281 subsistentem,
1176 3224 1249 3272 cum
1258 3225 1347 3268 mun·

123 3312 173 3378 ‹lo
186 3304 390 3396 noningenti
408 3301 671 3375 confundatum
686 3305 796 3391 potius
813 3305 1037 3375 diversitatem
1050 3307 1114 3375 Dei
1131 3308 1172 3375 ab
1191 3310 1346 3376 universo

122 3416 254 3500 ubique
263 3408 444 3479 clarissime
452 3428 490 3475 ac
502 3408 614 3475 verbis
623 3408 763 3478 definitis
772 3411 902 3487 asserit,
910 3411 1211 3500 pantheismumque
1219 3435 1347 3482 omnem

128 3517 278 3610 respuit,
297 3516 368 3584 sive
383 3513 581 3582 crassiorem
602 3532 662 3578 seu
684 3515 885 3581 materialem
907 3515 1223 3594 Anaximandri,
1251 3517 1347 3588 Phe·

132 3776 407 3800 uum—-

134 3963 137 3970 ,
163 3912 190 3974 ι)
210 3910 297 3971 uem
319 3906 343 3967 9,
357 3907 400 3957 99.
418 3904 443 3964 9,
458 3905 502 3956 99.
523 3905 565 3965 99,
584 3907 610 3956 9.

128 3990 129 3994 ’
165 3994 193 4064 ¹)
213 3997 258 4050 cr.
277 3993 344 4046 999.
365 3995 390 4056 9,
405 3997 431 4045 9.
447 3995 473 4055 9,
489 3995 531 4044 99.
545 3998 571 4054 9,
590 3996 634 4048 99.
648 3996 674 4059 9,
699 3997 742 4048 99.
759 3995 803 4049 99.
818 3996 861 4048 99.
878 3997 920 4048 99.
934 3999 960 4058 9,
979 3998 1020 4051 99.
1037 3999 1063 4060 9,
1078 3996 1104 4051 a.
1122 4002 1147 4062 9,
1163 4001 1188 4050 9.
1204 4003 1230 4052 9.
1247 4003 1289 4054 99.
1302 4004 1345 4055 99.

136 4093 174 4143 99.
189 4091 234 4141 99.
249 4088 291 4147 99,
309 4083 402 4134 9-99.
421 4084 462 4142 99,
481 4082 525 4134 99.
540 4083 581 4143 99,
598 4084 640 4136 99.
661 4086 702 4143 99,
719 4088 744 4136 9.
764 4086 804 4144 99,
819 4087 845 4136 9.
861 4086 905 4146 99,
918 4087 944 4137 9.
970 4088 1012 4138 99.
1035 4089 1080 4141 99.
1094 4088 1138 4152 99,
1156 4089 1184 4143 9.
1208 4092 1236 4144 9.
1261 4072 1342 4146 sam.

136 4183 158 4242 9,
170 4182 213 4232 99.
227 4179 254 4237 9,
268 4177 294 4227 9.
307 4175 349 4225 99.
367 4175 393 4234 9,
408 4174 435 4224 9.
452 4172 479 4224 9.
496 4172 521 4224 9.
537 4173 564 4223 9.
584 4174 628 4226 99.
644 4176 670 4232 9,
683 4175 708 4224 9.
723 4175 767 4226 99.
781 4175 826 4226 99.
842 4174 885 4225 99.
903 4176 945 4226 99.
961 4176 1007 4230 99.
1022 4178 1068 4231 99.
1081 4182 1108 4239 9,
1135 4180 1162 4233 9.
1190 4181 1230 4244 99,
1254 4183 1280 4236 9.
1298 4183 1340 4249 99,

138 4274 175 4324 99.
188 4269 231 4321 99.
248 4265 348 4317 9999.
365 4265 408 4315 99.
425 4263 466 4325 99,
482 4262 525 4316 99.
549 4263 591 4324 99,
609 4264 652 4316 99.
676 4266 718 4325 99,
731 4265 772 4317 99.
787 4265 829 4317 99.
846 4266 889 4326 99,
905 4265 945 4316 99.
960 4265 1003 4328 99,
1018 4265 1062 4322 99.
1076 4267 1133 4339 rs.
1150 4271 1193 4334 99,
1212 4272 1254 4324 99.
1272 4269 1337 4325 rou.

136 4353 381 4421 mumma

164 4439 189 4509 3)
208 4446 294 4498 oeus.
312 4441 339 4502 9,
357 4443 402 4494 99.

165 4532 191 4601 ⁴)
209 4531 301 4585 llxod.
319 4534 345 4593 o,
361 4532 449 4586 oo.·1.
468 4531 545 4585 Sam.
560 4535 586 4595 o,
601 4535 645 4586 2ο.
666 4536 693 4587 2.
711 4533 789 4588 Sam.
806 4539 832 4598 ⁷,
843 4537 888 4593 22.
902 4540 945 4592 22.
965 4542 991 4594 9.
1012 4540 1081 4609 neg.
1105 4542 1147 4602 lt,
1167 4541 1209 4594 21.
1234 4544 1258 4596 l.
1284 4541 1338 4596 29-

136 4624 188 4679 991.
206 4625 248 4688 17,
266 4623 380 4676 lt-zd.⁴
395 4622 465 4676 dou.
481 4629 508 4686 t,
526 4623 554 4677 o.
571 4624 624 4678 l’a.
641 4625 685 4692 sl,
702 4628 731 4682 2.
750 4628 795 4682 12.
812 4629 869 4683 eto·
1336 4653 1340 4664 =
