2926 5168
1270 230 1329 300 lat

134 386 254 448 demum
277 389 317 448 sit
338 387 453 447 ordinis
476 404 512 447 ac
534 386 660 465 gradus,
679 387 742 465 jam
765 385 904 447 strictius
918 385 1056 457 sumitur,
1079 387 1194 465 quando
1218 390 1338 449 scilicet

134 513 189 572 pro
213 495 290 553 solis
312 495 460 571 angelicis
483 494 640 570 spiritibus
662 495 759 552 ultimi
782 494 897 553 ordinis
921 501 1091 569 usurpatur.

218 599 318 658 Simili
344 600 461 657 rationo
478 616 594 676 quoque
609 601 788 658 vocabulum
812 595 928 676 δαίμων
948 600 1124 676 genoricum
1146 607 1204 671 ost,
1228 606 1338 659 ettam

132 705 168 763 de
190 706 288 773 bonis,
312 722 399 781 quam
418 703 454 762 do
470 705 557 763 malls
575 705 733 780 spiritibus
752 705 922 780 superioris
942 704 1056 762 ordinis
1074 700 1211 762 adhiberi
1228 713 1337 780 potest,

131 818 161 868 at
182 811 273 868 otiam
296 810 542 885 aScriptoribus
565 808 702 885 profanis
728 807 908 878 adhibetur,
941 818 1126 885 quapropter
1147 816 1176 868 et
1196 807 1338 866 κακοδαί-

131 933 218 993 μονες
240 923 334 996 atque
357 908 526 993 εὐδαίμονες
547 913 789 992 distinguuntur3
817 915 847 972 in
869 914 902 973 S.
925 915 1084 992 Scriptura
1106 925 1205 975 tamon
1227 911 1339 991 δαίμων

130 1020 254 1079 nonnisi
275 1021 424 1099 Angelum
446 1022 556 1080 malum
579 1039 632 1078 sen
655 1019 803 1078 diabolum
827 1018 956 1080 denotat.

321 1229 349 1311 ς.
372 1225 407 1296 3.
431 1227 609 1295 llantur
630 1223 794 1311 Angoli
816 1240 844 1293 a
866 1227 964 1294 noo
987 1223 1139 1294 creati.

214 1384 351 1460 Angelos
381 1385 534 1461 existere,
562 1382 627 1456 jam
652 1383 731 1441 ratio
754 1400 812 1440 tlon
838 1379 1032 1457 improbabili
1060 1381 1194 1439 illatione
1220 1382 1337 1458 colligit

131 1506 170 1545 ox
196 1483 441 1548 consideratione
462 1496 589 1547 naturae
614 1487 780 1558 humanae,
812 1494 915 1562 utpote
938 1506 976 1546 ox
1001 1494 1108 1544 natura
1134 1486 1283 1561 spirituali
1307 1495 1336 1543 ot

129 1594 283 1668 corporali
297 1594 492 1669 compositae,
515 1610 641 1669 quarum
659 1590 736 1649 hanc
751 1610 805 1668 per
826 1609 859 1649 sc
877 1592 1092 1650 subsistentem
1108 1591 1201 1660 videt,
1225 1600 1254 1648 ot
1270 1590 1335 1648 ideo

128 1698 213 1755 illam
228 1714 344 1773 quoque
360 1697 474 1772 pariter
491 1713 545 1772 per
560 1713 593 1752 se
609 1695 780 1752 subsistere
797 1695 979 1770 suspicatur,
1002 1714 1057 1754 nec
1073 1713 1131 1754 non
1149 1714 1186 1753 ex
1203 1703 1335 1752 contem·

127 1803 261 1876 platione
278 1809 405 1861 naturae
421 1799 596 1870 mundanae,
619 1800 655 1858 ab
680 1800 819 1858 inferiori
845 1799 941 1877 gradu
961 1800 997 1858 ad
1020 1802 1207 1876 superiorem
1231 1818 1335 1859 asceu-

128 1905 235 1964 dentis.
266 1903 455 1982 Quapropter
482 1913 512 1964 ct
533 1903 622 1962 fidem
642 1906 672 1963 in
693 1905 826 1983 genios,
857 1906 914 1962 ctsi
934 1905 970 1962 ab
988 1902 1137 1982 Angelis,
1168 1906 1334 1982 dequibus

125 2028 182 2068 nos
203 2010 350 2069 revelatio
380 2007 481 2069 divina
508 2019 611 2067 certos
631 2009 749 2079 reddit,
782 2008 922 2068 divorsos
949 2009 1023 2085 apud
1052 2011 1178 2086 populos
1202 2013 1334 2087 gentiles

128 2115 310 2183 invenimus,
328 2131 459 2173 necnon
481 2134 498 2173 a
515 2116 619 2171 multis
635 2113 822 2191 philosophis
838 2132 891 2172 eos
908 2113 1060 2172 admissos
1082 2114 1179 2173 fuisse
1196 2115 1335 2192 legimus.

209 2221 336 2279 Interim
352 2229 451 2278 tamen
472 2228 541 2277 sunt
566 2218 638 2288 alii,
669 2220 991 2288 Materialistae,
1023 2219 1072 2297 qui
1090 2219 1164 2276 nihil
1184 2239 1253 2279 osso
1272 2222 1334 2278 exi-

126 2328 304 2396 stimantes,
331 2325 390 2383 nisi
409 2323 487 2403 qnod
509 2343 600 2382 sensu
624 2323 806 2399 apprehendi
823 2323 940 2398 possit,
963 2324 1155 2383 existentiam
1175 2326 1333 2401 spirituum

124 2430 306 2507 generatim,
331 2438 361 2489 et
384 2430 450 2488 ideo
471 2429 567 2507 ipsius
587 2430 646 2487 Dei
666 2446 782 2504 quoque
804 2427 985 2487 inficiantur.
1014 2426 1128 2502 Quibus
1154 2432 1332 2489 accensendi

125 2542 196 2592 sunt
215 2533 454 2604 Sadducaei,
484 2535 534 2611 qni
558 2541 637 2592 tosto
669 2534 702 2592 S.
725 2529 937 2609 Scriptura
955 2534 1154 2602 asserebant,
1175 2553 1239 2594 non
1261 2553 1334 2594 osae

125 2641 403 2710 resurrectionem,
421 2657 523 2716 neque
539 2635 708 2716 Angelum,
730 2638 1056 2717 nepoesptritam1);
1080 2656 1136 2698 nec
1156 2657 1213 2698 non
1239 2635 1332 2699 Pan·

125 2744 164 2803 th
176 2746 307 2804 cistae
329 2763 445 2815 omncs,
469 2746 632 2804 secundnm
649 2762 723 2821 quos
740 2746 824 2802 Deus
836 2743 900 2818 jam
920 2744 950 2800 in
966 2741 1087 2802 homino
1108 2744 1145 2802 ad
1166 2745 1331 2820 perfectam

125 2850 171 2906 ani
191 2850 408 2910 conscientiam
426 2848 583 2920 evehitur,
606 2851 648 2908 ita
669 2858 702 2907 ut
720 2850 747 2907 ei
766 2848 874 2924 spiritu
890 2849 997 2925 quovis
1015 2850 1164 2925 superiori
1186 2846 1264 2909 haud
1288 2853 1328 2908 sit

125 2971 208 3030 opus.
231 2952 357 3012 Praeter
379 2954 434 3013 hos
457 2965 555 3013 autem
587 2955 788 3014 adversantur
816 2948 971 3011 doctrinae
1002 2954 1038 3012 do
1059 2955 1245 3030 Angelorum
1269 2956 1330 3014 oxi·

125 3059 238 3116 atentia
259 3059 350 3117 otiam
372 3060 682 3135 Anabaptistaa
705 3067 735 3117 et
758 3059 1084 3126 Rationalistae,
1116 3059 1165 3135 qui
1194 3060 1329 3137 Angelos

126 3171 174 3220 ant
199 3163 377 3221 affectiones
399 3171 515 3222 tantum
539 3173 699 3240 motusque
720 3163 811 3223 animi
834 3158 1026 3239 significare,
1056 3171 1107 3221 aut
1135 3182 1212 3222 vana
1238 3164 1329 3240 phan-

125 3269 220 3326 tasiae
249 3268 395 3345 figmonta
424 3288 511 3340 esso,
535 3288 552 3328 a
575 3269 736 3329 Chaldaeis
760 3276 789 3326 ot
810 3268 949 3342 Assyriis
979 3269 1170 3344 excogitata,
1200 3277 1328 3346 atquca

123 3373 249 3431 ludaeis
270 3374 300 3432 in
324 3373 497 3450 captivitate
520 3375 671 3452 adoptata,
693 3372 894 3441 contendunt,
918 3371 1071 3430 Christum
1105 3381 1134 3431 et
1164 3376 1327 3450 Apostolos

124 3487 223 3536 antem
246 3495 279 3537 ao
301 3479 389 3537 falsis
414 3480 604 3555 opinionibus
632 3477 892 3545 adcommodasse,
920 3485 971 3535 aut
997 3495 1071 3536 voro
1093 3479 1214 3537 nonnisi
1235 3481 1327 3538 nsita·

124 3589 184 3640 tam
207 3583 363 3660 cogitandi
385 3601 421 3643 ac
442 3584 582 3662 loquendi
604 3586 754 3643 rationem
769 3591 891 3641 secutos
914 3599 993 3648 esse,
1017 3588 1162 3651 statuunt,
1184 3585 1326 3645 volvero

123 3704 193 3746 asse
214 3704 280 3744 ram
302 3695 417 3747 tantum
440 3687 569 3759 dubiam,
592 3691 639 3749 cui
662 3689 737 3748 fidos
759 3689 881 3746 minime
903 3688 1054 3763 praestari
1078 3696 1184 3764 queat,
1212 3688 1326 3766 praeci·

122 3790 207 3870 piant
228 3790 268 3876 ²).

208 3895 358 3961 Attamen
379 3896 537 3962 revelatio
560 3895 766 3961 existentiam
787 3891 1002 3983 Angelorum,
1023 3892 1181 3961 bonorum
1202 3913 1241 3963 ac
1262 3915 1326 3962 ma·

120 4000 247 4077 lorum,
269 4003 357 4067 clare
379 4022 418 4068 ac
449 4001 626 4066 indubitate
648 4001 755 4076 tradit,
777 3999 936 4086 simulque
965 4021 1025 4065 eos
1047 4020 1066 4065 a
1088 4002 1161 4066 Deo
1184 4016 1325 4078 creatos,

119 4125 184 4171 non
207 4119 324 4182 autem,
347 4119 383 4171 ut
404 4107 614 4183 Gnostici,
636 4106 875 4172 Manichaei
897 4127 935 4171 ac
956 4103 1323 4175 Priscillianistae

118 4217 332 4286 somniarunt,
355 4231 397 4275 ox
420 4212 492 4275 Deo
515 4212 704 4299 progenitos
728 4230 803 4275 esso
825 4223 879 4274 aut
901 4211 1095 4295 produxisse
1118 4215 1267 4288 ostendit,
1292 4227 1323 4277 et

120 4419 143 4438 ,,
172 4419 216 4435 ,,,
281 4421 283 4425 ,

152 4512 161 4552 t
197 4514 262 4567 Act
281 4515 313 4567 23
341 4516 368 4568 ti.

147 4514 176 4671 ’ζ
193 4602 236 4655 ct.
256 4546 542 4670 Wegscheider,
563 4607 630 4660 last.
649 4606 740 4660 Theoi.
758 4608 814 4658 otc.
832 4608 918 4669 dorm.
937 4607 968 4659 1..
989 4605 1065 4658 tato.
1083 4619 1109 4671 p.
1127 4605 1177 4659 att
1195 4619 1220 4656 a.
