<?xml version="1.0" encoding="UTF-8"?>
<!DOCTYPE html PUBLIC "-//W3C//DTD XHTML 1.0 Transitional//EN"
    "http://www.w3.org/TR/xhtml1/DTD/xhtml1-transitional.dtd">
<html xmlns="http://www.w3.org/1999/xhtml" xml:lang="en" lang="en">
 <head>
  <title>
</title>
<meta http-equiv="Content-Type" content="text/html;charset=utf-8" />
  <meta name='ocr-system' content='tesseract 3.04.00' />
  <meta name='ocr-capabilities' content='ocr_page ocr_carea ocr_par ocr_line ocrx_word'/>
</head>
<body>
  <div class='ocr_page' id='page_1' title='image "./theologiadogmat01schwgoog_0284.png"; bbox 0 0 2926 5168; ppageno 0'>
   <div class='ocr_carea' id='block_1_1' title="bbox 49 382 1371 4039">
    <p class='ocr_par' dir='ltr' id='par_1_1' title="bbox 49 382 1371 4039">
     <span class='ocr_line' id='line_1_1' title="bbox 89 382 1291 464; baseline 0.002 -20"><span class='ocrx_word' id='word_1_1' title='bbox 89 383 187 444; x_wconf 81' lang='lat' dir='ltr'><em>dandi</em></span> <span class='ocrx_word' id='word_1_2' title='bbox 199 387 322 462; x_wconf 84' lang='lat' dir='ltr'><em>potest,</em></span> <span class='ocrx_word' id='word_1_3' title='bbox 345 385 400 462; x_wconf 78' lang='lat' dir='ltr'><em>aui</em></span> <span class='ocrx_word' id='word_1_4' title='bbox 413 382 484 445; x_wconf 89' lang='lat' dir='ltr'><em>solo</em></span> <span class='ocrx_word' id='word_1_5' title='bbox 500 390 604 446; x_wconf 81' lang='lat' dir='ltr'><em>mente</em></span> <span class='ocrx_word' id='word_1_6' title='bbox 618 390 650 446; x_wconf 86' lang='lat' dir='ltr'><em>st</em></span> <span class='ocrx_word' id='word_1_7' title='bbox 665 385 790 446; x_wconf 86' lang='lat' dir='ltr'><em>ratione</em></span> <span class='ocrx_word' id='word_1_8' title='bbox 802 386 1010 460; x_wconf 65' lang='lat' dir='ltr'><em>connascitur,</em></span> <span class='ocrx_word' id='word_1_9' title='bbox 1033 402 1071 443; x_wconf 86' lang='lat' dir='ltr'><em>aa</em></span> <span class='ocrx_word' id='word_1_10' title='bbox 1087 382 1156 444; x_wconf 89' lang='lat' dir='ltr'><em>luce</em></span> <span class='ocrx_word' id='word_1_11' title='bbox 1170 390 1203 444; x_wconf 89' lang='lat' dir='ltr'><em>at</em></span> <span class='ocrx_word' id='word_1_12' title='bbox 1213 385 1291 464; x_wconf 90' lang='lat' dir='ltr'><em>pnl-</em></span> 
     </span>
     <span class='ocr_line' id='line_1_2' title="bbox 89 488 1292 568; baseline 0.002 -20"><span class='ocrx_word' id='word_1_13' title='bbox 89 488 283 559; x_wconf 72' lang='lat' dir='ltr'><em>claritudine,</em></span> <span class='ocrx_word' id='word_1_14' title='bbox 306 493 338 548; x_wconf 88' lang='lat' dir='ltr'><em>ct</em></span> <span class='ocrx_word' id='word_1_15' title='bbox 351 489 466 566; x_wconf 86' lang='lat' dir='ltr'><em>spiritu</em></span> <span class='ocrx_word' id='word_1_16' title='bbox 479 495 509 550; x_wconf 87' lang='lat' dir='ltr'><em>et</em></span> <span class='ocrx_word' id='word_1_17' title='bbox 521 494 736 568; x_wconf 82' lang='lat' dir='ltr'><em>potentianam</em></span> <span class='ocrx_word' id='word_1_18' title='bbox 756 489 932 550; x_wconf 83' lang='lat' dir='ltr'><em>enarrabili</em></span> <span class='ocrx_word' id='word_1_19' title='bbox 952 489 1165 550; x_wconf 85' lang='lat' dir='ltr'><em>circumdatus</em></span> <span class='ocrx_word' id='word_1_20' title='bbox 1188 500 1249 567; x_wconf 87' lang='lat' dir='ltr'><em>est,</em></span> <span class='ocrx_word' id='word_1_21' title='bbox 1272 510 1292 550; x_wconf 91' lang='lat' dir='ltr'><em>a</em></span> 
     </span>
     <span class='ocr_line' id='line_1_3' title="bbox 89 593 1296 675; baseline 0.003 -22"><span class='ocrx_word' id='word_1_22' title='bbox 89 612 152 675; x_wconf 81' lang='lat' dir='ltr'><em>qno</em></span> <span class='ocrx_word' id='word_1_23' title='bbox 175 593 311 674; x_wconf 79' lang='lat' dir='ltr'><em>deniqne</em></span> <span class='ocrx_word' id='word_1_24' title='bbox 331 595 436 653; x_wconf 86' lang='lat' dir='ltr'><em>amaia</em></span> <span class='ocrx_word' id='word_1_25' title='bbox 449 613 510 672; x_wconf 84' lang='lat' dir='ltr'><em>per</em></span> <span class='ocrx_word' id='word_1_26' title='bbox 525 596 628 671; x_wconf 88' lang='lat' dir='ltr'><em>ipsius</em></span> <span class='ocrx_word' id='word_1_27' title='bbox 649 594 785 656; x_wconf 77' lang='lat' dir='ltr'><em>Verbum</em></span> <span class='ocrx_word' id='word_1_28' title='bbox 807 599 839 653; x_wconf 89' lang='lat' dir='ltr'><em>et</em></span> <span class='ocrx_word' id='word_1_29' title='bbox 858 599 966 655; x_wconf 87' lang='lat' dir='ltr'><em>creata</em></span> <span class='ocrx_word' id='word_1_30' title='bbox 982 600 1138 654; x_wconf 86' lang='lat' dir='ltr'><em>sternata</em></span> <span class='ocrx_word' id='word_1_31' title='bbox 1156 601 1238 663; x_wconf 77' lang='lat' dir='ltr'><em>suist.</em></span> <span class='ocrx_word' id='word_1_32' title='bbox 1264 601 1296 657; x_wconf 87' lang='lat' dir='ltr'><em>et</em></span> 
     </span>
     <span class='ocr_line' id='line_1_4' title="bbox 86 696 1291 780; baseline 0.002 -23"><span class='ocrx_word' id='word_1_33' title='bbox 86 701 328 758; x_wconf 82' lang='lat' dir='ltr'><em>conservantur.</em></span> <span class='ocrx_word' id='word_1_34' title='bbox 352 697 563 775; x_wconf 78' lang='lat' dir='ltr'><em>Apnosaimns</em></span> <span class='ocrx_word' id='word_1_35' title='bbox 597 703 680 759; x_wconf 83' lang='lat' dir='ltr'><em>enim</em></span> <span class='ocrx_word' id='word_1_36' title='bbox 718 703 749 759; x_wconf 91' lang='lat' dir='ltr'><em>et</em></span> <span class='ocrx_word' id='word_1_37' title='bbox 777 702 849 758; x_wconf 82' lang='lat' dir='ltr'><em>Dei</em></span> <span class='ocrx_word' id='word_1_38' title='bbox 881 697 1040 759; x_wconf 77' lang='lat' dir='ltr'><em>Filium.</em></span> <span class='ocrx_word' id='word_1_39' title='bbox 1070 696 1109 756; x_wconf 89' lang='lat' dir='ltr'><em>N</em></span> <span class='ocrx_word' id='word_1_40' title='bbox 1114 717 1154 758; x_wconf 88' lang='lat' dir='ltr'><em>ec</em></span> <span class='ocrx_word' id='word_1_41' title='bbox 1181 702 1291 780; x_wconf 78' lang='lat' dir='ltr'><em>quis·</em></span> 
     </span>
     <span class='ocr_line' id='line_1_5' title="bbox 85 799 1292 883; baseline 0.002 -21"><span class='ocrx_word' id='word_1_42' title='bbox 85 820 210 883; x_wconf 78' lang='lat' dir='ltr'><em>quam</em></span> <span class='ocrx_word' id='word_1_43' title='bbox 230 799 468 863; x_wconf 85' lang='lat' dir='ltr'><em>ridiculum</em></span> <span class='ocrx_word' id='word_1_44' title='bbox 489 804 722 881; x_wconf 68' lang='lat' dir='ltr'><em>existimat,</em></span> <span class='ocrx_word' id='word_1_45' title='bbox 750 821 868 864; x_wconf 84' lang='lat' dir='ltr'><em>snum</em></span> <span class='ocrx_word' id='word_1_46' title='bbox 896 801 980 863; x_wconf 88' lang='lat' dir='ltr'><em>Ileo</em></span> <span class='ocrx_word' id='word_1_47' title='bbox 1010 822 1100 864; x_wconf 88' lang='lat' dir='ltr'><em>esse</em></span> <span class='ocrx_word' id='word_1_48' title='bbox 1124 802 1292 867; x_wconf 79' lang='lat' dir='ltr'><em>Filium.</em></span> 
     </span>
     <span class='ocr_line' id='line_1_6' title="bbox 81 905 1294 988; baseline 0.005 -22"><span class='ocrx_word' id='word_1_49' title='bbox 81 905 203 986; x_wconf 77' lang='lat' dir='ltr'><em>Neque</em></span> <span class='ocrx_word' id='word_1_50' title='bbox 220 907 303 968; x_wconf 88' lang='lat' dir='ltr'><em>enim</em></span> <span class='ocrx_word' id='word_1_51' title='bbox 327 911 364 966; x_wconf 92' lang='lat' dir='ltr'><em>ut</em></span> <span class='ocrx_word' id='word_1_52' title='bbox 380 912 492 986; x_wconf 80' lang='lat' dir='ltr'><em>poitae</em></span> <span class='ocrx_word' id='word_1_53' title='bbox 509 906 703 985; x_wconf 73' lang='lat' dir='ltr'><em>fabulantur</em></span> <span class='ocrx_word' id='word_1_54' title='bbox 711 951 724 986; x_wconf 89' lang='lat'><em>,</em></span> <span class='ocrx_word' id='word_1_55' title='bbox 747 910 803 988; x_wconf 79' lang='lat' dir='ltr'><em>qui</em></span> <span class='ocrx_word' id='word_1_56' title='bbox 829 907 927 968; x_wconf 75' lang='lat' dir='ltr'><em>nitito</em></span> <span class='ocrx_word' id='word_1_57' title='bbox 946 909 1094 970; x_wconf 73' lang='lat' dir='ltr'><em>acutiores</em></span> <span class='ocrx_word' id='word_1_58' title='bbox 1115 909 1294 972; x_wconf 73' lang='lat' dir='ltr'><em>dominibus</em></span> 
     </span>
     <span class='ocr_line' id='line_1_7' title="bbox 79 1009 1291 1082; baseline 0.004 -11"><span class='ocrx_word' id='word_1_59' title='bbox 79 1011 349 1082; x_wconf 88' lang='lat' dir='ltr'><em>inducuntdsos,</em></span> <span class='ocrx_word' id='word_1_60' title='bbox 371 1012 416 1070; x_wconf 89' lang='lat' dir='ltr'><em>ita</em></span> <span class='ocrx_word' id='word_1_61' title='bbox 438 1011 480 1071; x_wconf 90' lang='lat' dir='ltr'><em>de</em></span> <span class='ocrx_word' id='word_1_62' title='bbox 501 1009 585 1073; x_wconf 85' lang='lat' dir='ltr'><em>Deo</em></span> <span class='ocrx_word' id='word_1_63' title='bbox 607 1017 644 1071; x_wconf 84' lang='lat' dir='ltr'><em>st</em></span> <span class='ocrx_word' id='word_1_64' title='bbox 664 1012 792 1072; x_wconf 86' lang='lat' dir='ltr'><em>Patre</em></span> <span class='ocrx_word' id='word_1_65' title='bbox 820 1018 892 1073; x_wconf 89' lang='lat' dir='ltr'><em>aut</em></span> <span class='ocrx_word' id='word_1_66' title='bbox 916 1013 962 1073; x_wconf 88' lang='lat' dir='ltr'><em>de</em></span> <span class='ocrx_word' id='word_1_67' title='bbox 989 1013 1101 1074; x_wconf 74' lang='lat' dir='ltr'><em>Filio</em></span> <span class='ocrx_word' id='word_1_68' title='bbox 1131 1020 1291 1077; x_wconf 86' lang='lat' dir='ltr'><em>sentimus.</em></span> 
     </span>
     <span class='ocr_line' id='line_1_8' title="bbox 79 1109 1292 1199; baseline 0.002 -20"><span class='ocrx_word' id='word_1_69' title='bbox 79 1118 155 1179; x_wconf 84' lang='lat' dir='ltr'><em>Sed</em></span> <span class='ocrx_word' id='word_1_70' title='bbox 173 1125 224 1178; x_wconf 87' lang='lat' dir='ltr'><em>cst</em></span> <span class='ocrx_word' id='word_1_71' title='bbox 245 1113 332 1178; x_wconf 76' lang='lat' dir='ltr'><em>Fili</em></span> <span class='ocrx_word' id='word_1_72' title='bbox 345 1134 389 1177; x_wconf 90' lang='lat' dir='ltr'><em>us</em></span> <span class='ocrx_word' id='word_1_73' title='bbox 410 1115 490 1177; x_wconf 85' lang='lat' dir='ltr'><em>Dei</em></span> <span class='ocrx_word' id='word_1_74' title='bbox 515 1116 685 1178; x_wconf 83' lang='lat' dir='ltr'><em>Verbum</em></span> <span class='ocrx_word' id='word_1_75' title='bbox 708 1109 837 1198; x_wconf 76' lang='grc' dir='ltr'><em>(Λόγος)</em></span> <span class='ocrx_word' id='word_1_76' title='bbox 861 1116 1012 1179; x_wconf 86' lang='lat' dir='ltr'><em>Patris</em></span> <span class='ocrx_word' id='word_1_77' title='bbox 1033 1120 1067 1179; x_wconf 88' lang='lat' dir='ltr'><em>in</em></span> <span class='ocrx_word' id='word_1_78' title='bbox 1089 1119 1292 1199; x_wconf 85' lang='lat' dir='ltr'><em>ideastops-</em></span> 
     </span>
     <span class='ocr_line' id='line_1_9' title="bbox 72 1224 1292 1301; baseline 0.002 -17"><span class='ocrx_word' id='word_1_79' title='bbox 72 1224 234 1301; x_wconf 87' lang='lat' dir='ltr'><em>ratione,·</em></span> <span class='ocrx_word' id='word_1_80' title='bbox 255 1226 301 1281; x_wconf 82' lang='lat' dir='ltr'><em>so</em></span> <span class='ocrx_word' id='word_1_81' title='bbox 323 1241 369 1282; x_wconf 87' lang='lat' dir='ltr'><em>eo</em></span> <span class='ocrx_word' id='word_1_82' title='bbox 391 1225 497 1283; x_wconf 87' lang='lat' dir='ltr'><em>enim</em></span> <span class='ocrx_word' id='word_1_83' title='bbox 520 1227 654 1301; x_wconf 88' lang='lat' dir='ltr'><em>etper</em></span> <span class='ocrx_word' id='word_1_84' title='bbox 677 1225 905 1301; x_wconf 82' lang='lat' dir='ltr'><em>eumfacto</em></span> <span class='ocrx_word' id='word_1_85' title='bbox 926 1226 1079 1301; x_wconf 87' lang='lat' dir='ltr'><em>amnia,</em></span> <span class='ocrx_word' id='word_1_86' title='bbox 1102 1244 1188 1285; x_wconf 87' lang='lat' dir='ltr'><em>cum</em></span> <span class='ocrx_word' id='word_1_87' title='bbox 1216 1231 1292 1287; x_wconf 85' lang='lat' dir='ltr'><em>Po·</em></span> 
     </span>
     <span class='ocr_line' id='line_1_10' title="bbox 72 1323 1293 1410; baseline 0.003 -22"><span class='ocrx_word' id='word_1_88' title='bbox 72 1335 146 1388; x_wconf 87' lang='lat' dir='ltr'><em>ter</em></span> <span class='ocrx_word' id='word_1_89' title='bbox 169 1331 210 1387; x_wconf 90' lang='lat' dir='ltr'><em>et</em></span> <span class='ocrx_word' id='word_1_90' title='bbox 229 1323 371 1387; x_wconf 78' lang='lat' dir='ltr'><em>Filius</em></span> <span class='ocrx_word' id='word_1_91' title='bbox 393 1344 514 1387; x_wconf 84' lang='lat' dir='ltr'><em>unum</em></span> <span class='ocrx_word' id='word_1_92' title='bbox 534 1328 629 1388; x_wconf 86' lang='lat' dir='ltr'><em>sint.</em></span> <span class='ocrx_word' id='word_1_93' title='bbox 653 1329 729 1388; x_wconf 77' lang='lat' dir='ltr'><em>Cum</em></span> <span class='ocrx_word' id='word_1_94' title='bbox 750 1333 854 1388; x_wconf 89' lang='lat' dir='ltr'><em>autem</em></span> <span class='ocrx_word' id='word_1_95' title='bbox 874 1332 1002 1389; x_wconf 82' lang='lat' dir='ltr'><em>Pater</em></span> <span class='ocrx_word' id='word_1_96' title='bbox 1023 1332 1082 1389; x_wconf 89' lang='lat' dir='ltr'><em>sit</em></span> <span class='ocrx_word' id='word_1_97' title='bbox 1101 1333 1143 1389; x_wconf 90' lang='lat' dir='ltr'><em>iu</em></span> <span class='ocrx_word' id='word_1_98' title='bbox 1163 1327 1293 1410; x_wconf 69' lang='lat' dir='ltr'><em>detta,</em></span> 
     </span>
     <span class='ocr_line' id='line_1_11' title="bbox 69 1428 1295 1511; baseline 0.001 -18"><span class='ocrx_word' id='word_1_99' title='bbox 69 1440 119 1493; x_wconf 83' lang='lat' dir='ltr'><em>et</em></span> <span class='ocrx_word' id='word_1_100' title='bbox 146 1431 282 1494; x_wconf 77' lang='lat' dir='ltr'><em>Filius</em></span> <span class='ocrx_word' id='word_1_101' title='bbox 302 1435 344 1492; x_wconf 89' lang='lat' dir='ltr'><em>tn</em></span> <span class='ocrx_word' id='word_1_102' title='bbox 366 1428 508 1504; x_wconf 89' lang='lat' dir='ltr'><em>Patre,</em></span> <span class='ocrx_word' id='word_1_103' title='bbox 532 1436 703 1494; x_wconf 87' lang='lat' dir='ltr'><em>unitate</em></span> <span class='ocrx_word' id='word_1_104' title='bbox 721 1437 763 1494; x_wconf 86' lang='lat' dir='ltr'><em>et</em></span> <span class='ocrx_word' id='word_1_105' title='bbox 782 1435 940 1493; x_wconf 84' lang='lat' dir='ltr'><em>virtuts</em></span> <span class='ocrx_word' id='word_1_106' title='bbox 960 1435 1164 1511; x_wconf 88' lang='lat' dir='ltr'><em>spiritus,</em></span> <span class='ocrx_word' id='word_1_107' title='bbox 1186 1452 1295 1494; x_wconf 77' lang='lat' dir='ltr'><em>niens</em></span> 
     </span>
     <span class='ocr_line' id='line_1_12' title="bbox 70 1534 1294 1615; baseline 0.002 -17"><span class='ocrx_word' id='word_1_108' title='bbox 70 1544 121 1598; x_wconf 81' lang='lat' dir='ltr'><em>et</em></span> <span class='ocrx_word' id='word_1_109' title='bbox 151 1541 329 1599; x_wconf 76' lang='lat' dir='ltr'><em>Verbum</em></span> <span class='ocrx_word' id='word_1_110' title='bbox 351 1536 498 1597; x_wconf 89' lang='lat' dir='ltr'><em>Patris</em></span> <span class='ocrx_word' id='word_1_111' title='bbox 519 1542 558 1597; x_wconf 90' lang='lat' dir='ltr'><em>et</em></span> <span class='ocrx_word' id='word_1_112' title='bbox 577 1535 717 1598; x_wconf 79' lang='lat' dir='ltr'><em>Filius</em></span> <span class='ocrx_word' id='word_1_113' title='bbox 738 1538 824 1600; x_wconf 83' lang='lat' dir='ltr'><em>lici.</em></span> <span class='ocrx_word' id='word_1_114' title='bbox 850 1534 980 1611; x_wconf 76' lang='lat' dir='ltr'><em>Quodsi</em></span> <span class='ocrx_word' id='word_1_115' title='bbox 994 1538 1153 1615; x_wconf 82' lang='lat' dir='ltr'><em>cobispro</em></span> <span class='ocrx_word' id='word_1_116' title='bbox 1168 1558 1294 1601; x_wconf 85' lang='lat' dir='ltr'><em>surnma</em></span> 
     </span>
     <span class='ocr_line' id='line_1_13' title="bbox 67 1642 1291 1724; baseline 0.002 -21"><span class='ocrx_word' id='word_1_117' title='bbox 67 1648 199 1703; x_wconf 80' lang='lat' dir='ltr'><em>vestra</em></span> <span class='ocrx_word' id='word_1_118' title='bbox 214 1642 425 1718; x_wconf 82' lang='lat' dir='ltr'><em>intellipentia</em></span> <span class='ocrx_word' id='word_1_119' title='bbox 446 1643 607 1724; x_wconf 77' lang='lat' dir='ltr'><strong><em>inquirere</em></strong></span> <span class='ocrx_word' id='word_1_120' title='bbox 625 1647 754 1712; x_wconf 78' lang='lat' dir='ltr'><em>subeat,</em></span> <span class='ocrx_word' id='word_1_121' title='bbox 777 1643 855 1723; x_wconf 81' lang='lat' dir='ltr'><em>qssid</em></span> <span class='ocrx_word' id='word_1_122' title='bbox 872 1643 934 1702; x_wconf 79' lang='lat' dir='ltr'><em>sits·</em></span> <span class='ocrx_word' id='word_1_123' title='bbox 951 1643 1024 1704; x_wconf 82' lang='lat' dir='ltr'><em>uelit</em></span> <span class='ocrx_word' id='word_1_124' title='bbox 1041 1644 1164 1705; x_wconf 78' lang='lat' dir='ltr'><em>Filius:</em></span> <span class='ocrx_word' id='word_1_125' title='bbox 1186 1643 1291 1705; x_wconf 72' lang='lat' dir='ltr'><em>duam</em></span> 
     </span>
     <span class='ocr_line' id='line_1_14' title="bbox 67 1748 1297 1829; baseline 0 -21"><span class='ocrx_word' id='word_1_126' title='bbox 67 1750 249 1827; x_wconf 80' lang='lat' dir='ltr'><em>breviter,</em></span> <span class='ocrx_word' id='word_1_127' title='bbox 278 1751 453 1827; x_wconf 90' lang='lat' dir='ltr'><em>primam</em></span> <span class='ocrx_word' id='word_1_128' title='bbox 485 1766 582 1808; x_wconf 86' lang='lat' dir='ltr'><em>esse</em></span> <span class='ocrx_word' id='word_1_129' title='bbox 611 1748 749 1808; x_wconf 86' lang='lat' dir='ltr'><em>Patris</em></span> <span class='ocrx_word' id='word_1_130' title='bbox 779 1752 1039 1826; x_wconf 77' lang='lat' dir='ltr'><em>propanism,</em></span> <span class='ocrx_word' id='word_1_131' title='bbox 1077 1768 1158 1809; x_wconf 89' lang='lat' dir='ltr'><em>non</em></span> <span class='ocrx_word' id='word_1_132' title='bbox 1189 1749 1297 1829; x_wconf 87' lang='lat' dir='ltr'><em>qnod</em></span> 
     </span>
     <span class='ocr_line' id='line_1_15' title="bbox 57 1852 1294 1934; baseline -0.002 -18"><span class='ocrx_word' id='word_1_133' title='bbox 57 1860 90 1934; x_wconf 81' lang='grc'><em>1</em></span> <span class='ocrx_word' id='word_1_134' title='bbox 101 1858 241 1916; x_wconf 88' lang='lat' dir='ltr'><em>actus</em></span> <span class='ocrx_word' id='word_1_135' title='bbox 263 1856 332 1925; x_wconf 90' lang='lat' dir='ltr'><em>sit,</em></span> <span class='ocrx_word' id='word_1_136' title='bbox 356 1853 395 1913; x_wconf 85' lang='lat' dir='ltr'><em>al</em></span> <span class='ocrx_word' id='word_1_137' title='bbox 412 1859 541 1914; x_wconf 88' lang='lat' dir='ltr'><em>aeterno</em></span> <span class='ocrx_word' id='word_1_138' title='bbox 562 1856 645 1913; x_wconf 92' lang='lat' dir='ltr'><em>enim</em></span> <span class='ocrx_word' id='word_1_139' title='bbox 669 1853 758 1915; x_wconf 87' lang='lat' dir='ltr'><em>Deus</em></span> <span class='ocrx_word' id='word_1_140' title='bbox 787 1853 924 1914; x_wconf 72' lang='lat' dir='ltr'><em>habebat</em></span> <span class='ocrx_word' id='word_1_141' title='bbox 946 1860 977 1915; x_wconf 89' lang='lat' dir='ltr'><em>in</em></span> <span class='ocrx_word' id='word_1_142' title='bbox 1001 1873 1035 1915; x_wconf 86' lang='lat' dir='ltr'><em>se</em></span> <span class='ocrx_word' id='word_1_143' title='bbox 1060 1857 1129 1933; x_wconf 85' lang='lat' dir='ltr'><em>ipso</em></span> <span class='ocrx_word' id='word_1_144' title='bbox 1158 1852 1294 1914; x_wconf 83' lang='lat' dir='ltr'><em>l&#39;erbnm</em></span> 
     </span>
     <span class='ocr_line' id='line_1_16' title="bbox 66 1952 1294 2044; baseline -0.002 -23"><span class='ocrx_word' id='word_1_145' title='bbox 66 1952 233 2044; x_wconf 73' lang='grc' dir='ltr'><em>(Λόγον),</em></span> <span class='ocrx_word' id='word_1_146' title='bbox 255 1964 361 2035; x_wconf 84' lang='lat' dir='ltr'><em>utpote</em></span> <span class='ocrx_word' id='word_1_147' title='bbox 375 1959 415 2019; x_wconf 84' lang='lat' dir='ltr'><em>ol</em></span> <span class='ocrx_word' id='word_1_148' title='bbox 432 1967 562 2020; x_wconf 79' lang='lat' dir='ltr'><em>aeterno</em></span> <span class='ocrx_word' id='word_1_149' title='bbox 583 1958 753 2019; x_wconf 83' lang='lat' dir='ltr'><em>rationalis</em></span> <span class='ocrx_word' id='word_1_150' title='bbox 781 1953 938 2040; x_wconf 76' lang='grc' dir='ltr'><em>(λογικὸς),</em></span> <span class='ocrx_word' id='word_1_151' title='bbox 959 1965 1018 2021; x_wconf 84' lang='lat' dir='ltr'><em>sed</em></span> <span class='ocrx_word' id='word_1_152' title='bbox 1030 1965 1114 2040; x_wconf 74' lang='lat' dir='ltr'><em>qnod</em></span> <span class='ocrx_word' id='word_1_153' title='bbox 1132 1959 1294 2037; x_wconf 87' lang='lat' dir='ltr'><em>prodierit,</em></span> 
     </span>
     <span class='ocr_line' id='line_1_17' title="bbox 61 2061 1294 2143; baseline -0.005 -15"><span class='ocrx_word' id='word_1_154' title='bbox 61 2072 113 2129; x_wconf 78' lang='lat' dir='ltr'><em>ut</em></span> <span class='ocrx_word' id='word_1_155' title='bbox 131 2065 276 2124; x_wconf 74' lang='lat' dir='ltr'><em>ominum</em></span> <span class='ocrx_word' id='word_1_156' title='bbox 298 2065 510 2123; x_wconf 75' lang='lat' dir='ltr'><em>materialium</em></span> <span class='ocrx_word' id='word_1_157' title='bbox 538 2082 646 2124; x_wconf 89' lang='lat' dir='ltr'><em>rerum</em></span> <span class='ocrx_word' id='word_1_158' title='bbox 670 2097 707 2108; x_wconf 89' lang='lat'><em>-</em></span> <span class='ocrx_word' id='word_1_159' title='bbox 729 2064 802 2123; x_wconf 88' lang='lat' dir='ltr'><em>ideo</em></span> <span class='ocrx_word' id='word_1_160' title='bbox 824 2072 856 2125; x_wconf 92' lang='lat' dir='ltr'><em>et</em></span> <span class='ocrx_word' id='word_1_161' title='bbox 870 2071 970 2136; x_wconf 83' lang='lat' dir='ltr'><em>actua,</em></span> <span class='ocrx_word' id='word_1_162' title='bbox 1001 2062 1084 2142; x_wconf 73' lang='grc' dir='ltr'><strong><em>ἰδέα,</em></strong></span> <span class='ocrx_word' id='word_1_163' title='bbox 1105 2061 1136 2122; x_wconf 81' lang='grc' dir='ltr'><em>τὲ</em></span> <span class='ocrx_word' id='word_1_164' title='bbox 1157 2062 1294 2143; x_wconf 72' lang='grc' dir='ltr'><strong><em>ἐνέργεια,</em></strong></span> 
     </span>
     <span class='ocr_line' id='line_1_18' title="bbox 61 2163 1295 2253; baseline -0.002 -20"><span class='ocrx_word' id='word_1_165' title='bbox 61 2169 107 2253; x_wconf 86' lang='lat' dir='ltr'><em>(i.</em></span> <span class='ocrx_word' id='word_1_166' title='bbox 120 2188 157 2230; x_wconf 87' lang='lat' dir='ltr'><em>e.</em></span> <span class='ocrx_word' id='word_1_167' title='bbox 167 2163 330 2248; x_wconf 73' lang='grc' dir='ltr'><strong><em>ἀρχέτυπον</em></strong></span> <span class='ocrx_word' id='word_1_168' title='bbox 338 2176 370 2229; x_wconf 88' lang='lat' dir='ltr'><em>at</em></span> <span class='ocrx_word' id='word_1_169' title='bbox 380 2165 540 2252; x_wconf 80' lang='lat' dir='ltr'><em>conditor)</em></span> <span class='ocrx_word' id='word_1_170' title='bbox 546 2171 645 2248; x_wconf 85' lang='lat' dir='ltr'><em>soret.</em></span> <span class='ocrx_word' id='word_1_171' title='bbox 656 2203 691 2214; x_wconf 90' lang='lat'>-</span> <span class='ocrx_word' id='word_1_172' title='bbox 700 2166 807 2249; x_wconf 81' lang='lat' dir='ltr'><em>Atque</em></span> <span class='ocrx_word' id='word_1_173' title='bbox 815 2168 1016 2249; x_wconf 87' lang='lat' dir='ltr'><em>ipsumillum</em></span> <span class='ocrx_word' id='word_1_174' title='bbox 1023 2167 1191 2249; x_wconf 77' lang='lat' dir='ltr'><em>Spiritum,</em></span> <span class='ocrx_word' id='word_1_175' title='bbox 1201 2171 1295 2250; x_wconf 81' lang='lat' dir='ltr'><em>quiin</em></span> 
     </span>
     <span class='ocr_line' id='line_1_19' title="bbox 62 2273 1297 2354; baseline -0.004 -17"><span class='ocrx_word' id='word_1_176' title='bbox 62 2276 263 2351; x_wconf 74' lang='lat' dir='ltr'><em>Propasta</em></span> <span class='ocrx_word' id='word_1_177' title='bbox 282 2280 449 2351; x_wconf 75' lang='lat' dir='ltr'><em>operatur,</em></span> <span class='ocrx_word' id='word_1_178' title='bbox 480 2274 673 2354; x_wconf 77' lang='lat' dir='ltr'><em>effluentiam</em></span> <span class='ocrx_word' id='word_1_179' title='bbox 694 2273 757 2333; x_wconf 84' lang='lat' dir='ltr'><em>Ilei</em></span> <span class='ocrx_word' id='word_1_180' title='bbox 781 2293 852 2334; x_wconf 87' lang='lat' dir='ltr'><em>esse</em></span> <span class='ocrx_word' id='word_1_181' title='bbox 871 2274 1024 2345; x_wconf 88' lang='lat' dir='ltr'><em>dicimus,</em></span> <span class='ocrx_word' id='word_1_182' title='bbox 1046 2279 1243 2335; x_wconf 81' lang='lat' dir='ltr'><em>emanantem</em></span> <span class='ocrx_word' id='word_1_183' title='bbox 1265 2279 1297 2333; x_wconf 89' lang='lat' dir='ltr'><em>st</em></span> 
     </span>
     <span class='ocr_line' id='line_1_20' title="bbox 56 2375 1296 2455; baseline -0.002 -15"><span class='ocrx_word' id='word_1_184' title='bbox 56 2384 284 2453; x_wconf 70' lang='lat' dir='ltr'><em>redeuntem</em></span> <span class='ocrx_word' id='word_1_185' title='bbox 300 2379 397 2441; x_wconf 83' lang='lat' dir='ltr'><em>veluti</em></span> <span class='ocrx_word' id='word_1_186' title='bbox 410 2379 537 2440; x_wconf 88' lang='lat' dir='ltr'><em>radium</em></span> <span class='ocrx_word' id='word_1_187' title='bbox 549 2378 639 2441; x_wconf 87' lang='lat' dir='ltr'><em>solis.</em></span> <span class='ocrx_word' id='word_1_188' title='bbox 662 2375 741 2452; x_wconf 76' lang='lat' dir='ltr'><em>Quis</em></span> <span class='ocrx_word' id='word_1_189' title='bbox 751 2383 847 2455; x_wconf 81' lang='lat' dir='ltr'><em>ipitur</em></span> <span class='ocrx_word' id='word_1_190' title='bbox 864 2382 1081 2451; x_wconf 71' lang='lat' dir='ltr'><em>sancticetur,</em></span> <span class='ocrx_word' id='word_1_191' title='bbox 1102 2397 1172 2440; x_wconf 84' lang='lat' dir='ltr'><em>curn</em></span> <span class='ocrx_word' id='word_1_192' title='bbox 1184 2378 1296 2438; x_wconf 84' lang='lat' dir='ltr'><em>otleos</em></span> 
     </span>
     <span class='ocr_line' id='line_1_21' title="bbox 52 2482 1295 2564; baseline -0.004 -18"><span class='ocrx_word' id='word_1_193' title='bbox 52 2488 197 2550; x_wconf 76' lang='lat' dir='ltr'><em>vescari</em></span> <span class='ocrx_word' id='word_1_194' title='bbox 232 2489 345 2547; x_wconf 88' lang='lat' dir='ltr'><em>audiat</em></span> <span class='ocrx_word' id='word_1_195' title='bbox 380 2504 456 2564; x_wconf 89' lang='lat' dir='ltr'><em>eas,</em></span> <span class='ocrx_word' id='word_1_196' title='bbox 488 2489 541 2564; x_wconf 78' lang='lat' dir='ltr'><em>aui</em></span> <span class='ocrx_word' id='word_1_197' title='bbox 569 2484 694 2545; x_wconf 86' lang='lat' dir='ltr'><em>Deum</em></span> <span class='ocrx_word' id='word_1_198' title='bbox 715 2485 902 2555; x_wconf 83' lang='lat' dir='ltr'><em>Patrem,</em></span> <span class='ocrx_word' id='word_1_199' title='bbox 928 2491 967 2545; x_wconf 88' lang='lat' dir='ltr'><em>et</em></span> <span class='ocrx_word' id='word_1_200' title='bbox 987 2485 1150 2546; x_wconf 72' lang='lat' dir='ltr'><em>dilium</em></span> <span class='ocrx_word' id='word_1_201' title='bbox 1171 2482 1295 2542; x_wconf 86' lang='lat' dir='ltr'><em>Deum</em></span> 
     </span>
     <span class='ocr_line' id='line_1_22' title="bbox 50 2588 1295 2668; baseline -0.005 -15"><span class='ocrx_word' id='word_1_202' title='bbox 50 2601 113 2656; x_wconf 84' lang='lat' dir='ltr'><em>et</em></span> <span class='ocrx_word' id='word_1_203' title='bbox 139 2591 353 2668; x_wconf 83' lang='lat' dir='ltr'><em>Spiritum</em></span> <span class='ocrx_word' id='word_1_204' title='bbox 375 2588 409 2651; x_wconf 77' lang='lat' dir='ltr'><em>S.</em></span> <span class='ocrx_word' id='word_1_205' title='bbox 432 2594 590 2661; x_wconf 88' lang='lat' dir='ltr'><em>asserunt,</em></span> <span class='ocrx_word' id='word_1_206' title='bbox 614 2595 820 2652; x_wconf 87' lang='lat' dir='ltr'><em>aceorumct</em></span> <span class='ocrx_word' id='word_1_207' title='bbox 838 2593 883 2651; x_wconf 91' lang='lat' dir='ltr'><em>in</em></span> <span class='ocrx_word' id='word_1_208' title='bbox 903 2593 1052 2654; x_wconf 86' lang='lat' dir='ltr'><em>unione</em></span> <span class='ocrx_word' id='word_1_209' title='bbox 1073 2591 1295 2666; x_wconf 83' lang='lat' dir='ltr'><em>potentiam</em></span> 
     </span>
     <span class='ocr_line' id='line_1_23' title="bbox 51 2690 1294 2778; baseline -0.007 -18"><span class='ocrx_word' id='word_1_210' title='bbox 51 2698 233 2777; x_wconf 70' lang='grc' dir='ltr'><em>(δύναμιν</em></span> <span class='ocrx_word' id='word_1_211' title='bbox 248 2692 269 2759; x_wconf 89' lang='lat' dir='ltr'><em>i.</em></span> <span class='ocrx_word' id='word_1_212' title='bbox 292 2713 319 2758; x_wconf 89' lang='lat' dir='ltr'><em>e.</em></span> <span class='ocrx_word' id='word_1_213' title='bbox 340 2690 569 2778; x_wconf 81' lang='lat' dir='ltr'><em>substantiam)</em></span> <span class='ocrx_word' id='word_1_214' title='bbox 593 2701 625 2755; x_wconf 90' lang='lat' dir='ltr'><em>et</em></span> <span class='ocrx_word' id='word_1_215' title='bbox 642 2697 683 2755; x_wconf 90' lang='lat' dir='ltr'><em>in</em></span> <span class='ocrx_word' id='word_1_216' title='bbox 712 2695 864 2757; x_wconf 84' lang='lat' dir='ltr'><em>ordine</em></span> <span class='ocrx_word' id='word_1_217' title='bbox 892 2697 1207 2756; x_wconf 71' lang='lat' dir='ltr'><em>distinctionem</em></span> <span class='ocrx_word' id='word_1_218' title='bbox 1237 2692 1294 2752; x_wconf 87' lang='lat' dir='ltr'><em>de·</em></span> 
     </span>
     <span class='ocr_line' id='line_1_24' title="bbox 49 2792 1294 2886; baseline -0.01 -19"><span class='ocrx_word' id='word_1_219' title='bbox 49 2808 272 2868; x_wconf 81' lang='lat' dir='ltr'><em>monstrant</em></span> <span class='ocrx_word' id='word_1_220' title='bbox 299 2801 335 2886; x_wconf 83' lang='lat'><em>¹).</em></span> <span class='ocrx_word' id='word_1_221' title='bbox 365 2836 405 2846; x_wconf 86' lang='lat'>-</span> <span class='ocrx_word' id='word_1_222' title='bbox 436 2798 663 2872; x_wconf 72' lang='lat' dir='ltr'><em>Titianus,</em></span> <span class='ocrx_word' id='word_1_223' title='bbox 696 2796 816 2861; x_wconf 74' lang='lat' dir='ltr'><em>tustini</em></span> <span class='ocrx_word' id='word_1_224' title='bbox 846 2797 972 2862; x_wconf 82' lang='lat' dir='ltr'><em>auditor</em></span> <span class='ocrx_word' id='word_1_225' title='bbox 995 2808 1029 2860; x_wconf 84' lang='lat' dir='ltr'><em>et</em></span> <span class='ocrx_word' id='word_1_226' title='bbox 1056 2805 1218 2871; x_wconf 80' lang='lat' dir='ltr'><em>sectator,</em></span> <span class='ocrx_word' id='word_1_227' title='bbox 1240 2792 1294 2877; x_wconf 90' lang='lat' dir='ltr'><em>qui</em></span> 
     </span>
     <span class='ocr_line' id='line_1_25' title="bbox 58 2897 1293 2994; baseline -0.012 -20"><span class='ocrx_word' id='word_1_228' title='bbox 58 2917 206 2994; x_wconf 77' lang='lat' dir='ltr'><em>postea</em></span> <span class='ocrx_word' id='word_1_229' title='bbox 228 2916 338 2969; x_wconf 78' lang='lat' dir='ltr'><em>tamen</em></span> <span class='ocrx_word' id='word_1_230' title='bbox 363 2906 403 2968; x_wconf 87' lang='lat' dir='ltr'><em>ab</em></span> <span class='ocrx_word' id='word_1_231' title='bbox 425 2903 578 2970; x_wconf 80' lang='lat' dir='ltr'><em>Ecclesia</em></span> <span class='ocrx_word' id='word_1_232' title='bbox 607 2903 776 2978; x_wconf 76' lang='lat' dir='ltr'><em>discessit,</em></span> <span class='ocrx_word' id='word_1_233' title='bbox 800 2903 836 2988; x_wconf 72' lang='grc' dir='ltr'><em>(τ</em></span> <span class='ocrx_word' id='word_1_234' title='bbox 862 2925 892 2972; x_wconf 76' lang='lat' dir='ltr'><em>a.</em></span> <span class='ocrx_word' id='word_1_235' title='bbox 920 2906 1007 2982; x_wconf 84' lang='lat'>175.)</span> <span class='ocrx_word' id='word_1_236' title='bbox 1030 2900 1063 2964; x_wconf 88' lang='lat' dir='ltr'><em>in</em></span> <span class='ocrx_word' id='word_1_237' title='bbox 1080 2897 1236 2964; x_wconf 79' lang='lat' dir='ltr'><em>Oratione</em></span> <span class='ocrx_word' id='word_1_238' title='bbox 1253 2897 1293 2960; x_wconf 85' lang='lat' dir='ltr'><em>ad</em></span> 
     </span>
     <span class='ocr_line' id='line_1_26' title="bbox 71 3007 1293 3094; baseline -0.012 -15"><span class='ocrx_word' id='word_1_239' title='bbox 71 3013 265 3084; x_wconf 80' lang='lat' dir='ltr'><em>Graecos,</em></span> <span class='ocrx_word' id='word_1_240' title='bbox 298 3020 370 3073; x_wconf 84' lang='lat' dir='ltr'><em>ante</em></span> <span class='ocrx_word' id='word_1_241' title='bbox 392 3009 517 3094; x_wconf 81' lang='lat' dir='ltr'><em>lapsum</em></span> <span class='ocrx_word' id='word_1_242' title='bbox 540 3009 703 3074; x_wconf 86' lang='lat' dir='ltr'><em>coniecta:</em></span> <span class='ocrx_word' id='word_1_243' title='bbox 725 3012 816 3074; x_wconf 85' lang='lat' dir='ltr'><em>llens</em></span> <span class='ocrx_word' id='word_1_244' title='bbox 840 3018 912 3072; x_wconf 82' lang='lat' dir='ltr'><em>erut</em></span> <span class='ocrx_word' id='word_1_245' title='bbox 929 3013 963 3071; x_wconf 90' lang='lat' dir='ltr'><em>in</em></span> <span class='ocrx_word' id='word_1_246' title='bbox 975 3008 1151 3086; x_wconf 87' lang='lat' dir='ltr'><em>principio:</em></span> <span class='ocrx_word' id='word_1_247' title='bbox 1169 3007 1293 3082; x_wconf 83' lang='lat' dir='ltr'><em>princi-</em></span> 
     </span>
     <span class='ocr_line' id='line_1_27' title="bbox 60 3112 1296 3198; baseline -0.011 -14"><span class='ocrx_word' id='word_1_248' title='bbox 60 3125 174 3198; x_wconf 75' lang='lat' dir='ltr'><em>ptum</em></span> <span class='ocrx_word' id='word_1_249' title='bbox 205 3123 309 3179; x_wconf 79' lang='lat' dir='ltr'><em>matam</em></span> <span class='ocrx_word' id='word_1_250' title='bbox 339 3117 432 3178; x_wconf 76' lang='lat' dir='ltr'><em>Vas-li</em></span> <span class='ocrx_word' id='word_1_251' title='bbox 452 3120 626 3196; x_wconf 87' lang='lat' dir='ltr'><em>potentiam</em></span> <span class='ocrx_word' id='word_1_252' title='bbox 647 3136 720 3178; x_wconf 88' lang='lat' dir='ltr'><em>esse</em></span> <span class='ocrx_word' id='word_1_253' title='bbox 740 3121 928 3196; x_wconf 78' lang='lat' dir='ltr'><em>accepimns.</em></span> <span class='ocrx_word' id='word_1_254' title='bbox 952 3114 1183 3178; x_wconf 76' lang='lat' dir='ltr'><em>Universorum</em></span> <span class='ocrx_word' id='word_1_255' title='bbox 1212 3112 1296 3171; x_wconf 88' lang='lat' dir='ltr'><em>enim</em></span> 
     </span>
     <span class='ocr_line' id='line_1_28' title="bbox 73 3218 1296 3303; baseline -0.012 -15"><span class='ocrx_word' id='word_1_256' title='bbox 73 3224 266 3295; x_wconf 79' lang='lat' dir='ltr'><em>Dominus,</em></span> <span class='ocrx_word' id='word_1_257' title='bbox 288 3230 449 3302; x_wconf 78' lang='lat' dir='ltr'><em>quatenus</em></span> <span class='ocrx_word' id='word_1_258' title='bbox 466 3222 590 3303; x_wconf 85' lang='lat' dir='ltr'><em>quidem</em></span> <span class='ocrx_word' id='word_1_259' title='bbox 608 3222 743 3283; x_wconf 79' lang='lat' dir='ltr'><em>musadsu</em></span> <span class='ocrx_word' id='word_1_260' title='bbox 769 3227 909 3284; x_wconf 85' lang='lat' dir='ltr'><em>nondam</em></span> <span class='ocrx_word' id='word_1_261' title='bbox 938 3223 1010 3281; x_wconf 88' lang='lat' dir='ltr'><em>erat</em></span> <span class='ocrx_word' id='word_1_262' title='bbox 1036 3225 1185 3286; x_wconf 83' lang='lat' dir='ltr'><em>creatus,</em></span> <span class='ocrx_word' id='word_1_263' title='bbox 1208 3218 1296 3274; x_wconf 85' lang='lat' dir='ltr'><em>solus</em></span> 
     </span>
     <span class='ocr_line' id='line_1_29' title="bbox 78 3320 1293 3410; baseline -0.013 -17"><span class='ocrx_word' id='word_1_264' title='bbox 78 3334 178 3409; x_wconf 74' lang='lat' dir='ltr'><em>crat5</em></span> <span class='ocrx_word' id='word_1_265' title='bbox 196 3331 357 3410; x_wconf 61' lang='lat' dir='ltr'><em>manus</em></span> <span class='ocrx_word' id='word_1_266' title='bbox 371 3333 477 3389; x_wconf 84' lang='lat' dir='ltr'><em>autem</em></span> <span class='ocrx_word' id='word_1_267' title='bbox 491 3330 560 3406; x_wconf 83' lang='lat' dir='ltr'><em>ipss</em></span> <span class='ocrx_word' id='word_1_268' title='bbox 571 3333 713 3407; x_wconf 89' lang='lat' dir='ltr'><em>potentia</em></span> <span class='ocrx_word' id='word_1_269' title='bbox 729 3330 855 3406; x_wconf 80' lang='lat' dir='ltr'><em>omnis,</em></span> <span class='ocrx_word' id='word_1_270' title='bbox 877 3333 909 3388; x_wconf 88' lang='lat' dir='ltr'><em>et</em></span> <span class='ocrx_word' id='word_1_271' title='bbox 924 3343 1054 3402; x_wconf 77' lang='lat' dir='ltr'><em>aarum,</em></span> <span class='ocrx_word' id='word_1_272' title='bbox 1077 3339 1161 3402; x_wconf 75' lang='lat' dir='ltr'><em>anae</em></span> <span class='ocrx_word' id='word_1_273' title='bbox 1179 3320 1293 3378; x_wconf 82' lang='lat' dir='ltr'><em>siden-</em></span> 
     </span>
     <span class='ocr_line' id='line_1_30' title="bbox 86 3424 1295 3512; baseline -0.014 -15"><span class='ocrx_word' id='word_1_274' title='bbox 86 3441 136 3497; x_wconf 87' lang='lat' dir='ltr'><em>tur</em></span> <span class='ocrx_word' id='word_1_275' title='bbox 153 3438 189 3494; x_wconf 88' lang='lat' dir='ltr'><em>et</em></span> <span class='ocrx_word' id='word_1_276' title='bbox 200 3451 265 3494; x_wconf 86' lang='lat' dir='ltr'><em>non</em></span> <span class='ocrx_word' id='word_1_277' title='bbox 280 3431 438 3508; x_wconf 82' lang='lat' dir='ltr'><em>ridentur,</em></span> <span class='ocrx_word' id='word_1_278' title='bbox 457 3433 639 3512; x_wconf 71' lang='lat' dir='ltr'><em>hypostasis</em></span> <span class='ocrx_word' id='word_1_279' title='bbox 653 3438 721 3493; x_wconf 85' lang='lat' dir='ltr'><em>sios</em></span> <span class='ocrx_word' id='word_1_280' title='bbox 735 3436 924 3494; x_wconf 75' lang='lat' dir='ltr'><em>sustentatio</em></span> <span class='ocrx_word' id='word_1_281' title='bbox 939 3432 1025 3503; x_wconf 86' lang='lat' dir='ltr'><em>erat,·</em></span> <span class='ocrx_word' id='word_1_282' title='bbox 1048 3424 1158 3486; x_wconf 88' lang='lat' dir='ltr'><em>omni</em></span> <span class='ocrx_word' id='word_1_283' title='bbox 1168 3442 1188 3482; x_wconf 93' lang='lat' dir='ltr'><em>a</em></span> <span class='ocrx_word' id='word_1_284' title='bbox 1209 3439 1295 3482; x_wconf 90' lang='lat' dir='ltr'><em>cum</em></span> 
     </span>
     <span class='ocr_line' id='line_1_31' title="bbox 89 3530 1371 3616; baseline -0.009 -18"><span class='ocrx_word' id='word_1_285' title='bbox 89 3559 128 3599; x_wconf 89' lang='lat' dir='ltr'><em>eo</em></span> <span class='ocrx_word' id='word_1_286' title='bbox 172 3556 249 3615; x_wconf 85' lang='lat' dir='ltr'><em>par</em></span> <span class='ocrx_word' id='word_1_287' title='bbox 282 3537 535 3599; x_wconf 82' lang='lat' dir='ltr'><em>rationalem</em></span> <span class='ocrx_word' id='word_1_288' title='bbox 568 3541 806 3616; x_wconf 83' lang='lat' dir='ltr'><em>potentiam</em></span> <span class='ocrx_word' id='word_1_289' title='bbox 846 3530 1125 3599; x_wconf 79' lang='lat' dir='ltr'><em>sustentabat</em></span> <span class='ocrx_word' id='word_1_290' title='bbox 1165 3532 1296 3605; x_wconf 89' lang='lat' dir='ltr'><em>ipsum</em></span> <span class='ocrx_word' id='word_1_291' title='bbox 1368 3566 1371 3571; x_wconf 86' lang='lat'><em>-</em></span> 
     </span>
     <span class='ocr_line' id='line_1_32' title="bbox 91 3633 1296 3725; baseline -0.01 -23"><span class='ocrx_word' id='word_1_292' title='bbox 91 3645 220 3704; x_wconf 85' lang='lat' dir='ltr'><em>stiam</em></span> <span class='ocrx_word' id='word_1_293' title='bbox 252 3639 366 3702; x_wconf 87' lang='lat' dir='ltr'><em>illud</em></span> <span class='ocrx_word' id='word_1_294' title='bbox 387 3641 557 3703; x_wconf 80' lang='lat' dir='ltr'><em>Verium</em></span> <span class='ocrx_word' id='word_1_295' title='bbox 586 3633 722 3725; x_wconf 74' lang='grc' dir='ltr'><em>(Λόγος),</em></span> <span class='ocrx_word' id='word_1_296' title='bbox 745 3642 965 3722; x_wconf 78' lang='lat' dir='ltr'><em>quoderat</em></span> <span class='ocrx_word' id='word_1_297' title='bbox 984 3639 1028 3698; x_wconf 91' lang='lat' dir='ltr'><em>in</em></span> <span class='ocrx_word' id='word_1_298' title='bbox 1050 3656 1101 3697; x_wconf 86' lang='lat' dir='ltr'><em>eo.</em></span> <span class='ocrx_word' id='word_1_299' title='bbox 1127 3633 1296 3695; x_wconf 80' lang='lat' dir='ltr'><em>Voluptate</em></span> 
     </span>
     <span class='ocr_line' id='line_1_33' title="bbox 90 3739 1296 3827; baseline -0.012 -14"><span class='ocrx_word' id='word_1_300' title='bbox 90 3754 197 3813; x_wconf 87' lang='lat' dir='ltr'><em>autem</em></span> <span class='ocrx_word' id='word_1_301' title='bbox 224 3747 435 3826; x_wconf 66' lang='lat' dir='ltr'><em>simmiaitatis</em></span> <span class='ocrx_word' id='word_1_302' title='bbox 460 3748 534 3824; x_wconf 75' lang='lat' dir='ltr'><em>ejus</em></span> <span class='ocrx_word' id='word_1_303' title='bbox 557 3750 686 3827; x_wconf 76' lang='lat' dir='ltr'><em>prosilit</em></span> <span class='ocrx_word' id='word_1_304' title='bbox 705 3749 859 3809; x_wconf 79' lang='lat' dir='ltr'><em>Verbum:</em></span> <span class='ocrx_word' id='word_1_305' title='bbox 885 3751 1022 3809; x_wconf 77' lang='lat' dir='ltr'><em>Verbum</em></span> <span class='ocrx_word' id='word_1_306' title='bbox 1054 3744 1158 3809; x_wconf 71' lang='lat' dir='ltr'><em>atatem</em></span> <span class='ocrx_word' id='word_1_307' title='bbox 1176 3754 1242 3799; x_wconf 86' lang='lat' dir='ltr'><em>non</em></span> <span class='ocrx_word' id='word_1_308' title='bbox 1262 3739 1296 3796; x_wconf 83' lang='lat' dir='ltr'><em>in</em></span> 
     </span>
     <span class='ocr_line' id='line_1_34' title="bbox 90 3845 1297 3937; baseline -0.015 -18"><span class='ocrx_word' id='word_1_309' title='bbox 90 3874 226 3919; x_wconf 75' lang='lat' dir='ltr'><em>vacuum</em></span> <span class='ocrx_word' id='word_1_310' title='bbox 237 3870 457 3936; x_wconf 73' lang='lat' dir='ltr'><em>proprisium,</em></span> <span class='ocrx_word' id='word_1_311' title='bbox 475 3854 516 3933; x_wconf 77' lang='lat' dir='ltr'><em>fit</em></span> <span class='ocrx_word' id='word_1_312' title='bbox 530 3870 609 3929; x_wconf 87' lang='lat' dir='ltr'><em>opus</em></span> <span class='ocrx_word' id='word_1_313' title='bbox 619 3854 863 3929; x_wconf 78' lang='lat' dir='ltr'><em>primopenitum</em></span> <span class='ocrx_word' id='word_1_314' title='bbox 874 3851 996 3913; x_wconf 84' lang='lat' dir='ltr'><em>Patris.</em></span> <span class='ocrx_word' id='word_1_315' title='bbox 1018 3848 1087 3937; x_wconf 78' lang='lat' dir='ltr'><em>Hpc</em></span> <span class='ocrx_word' id='word_1_316' title='bbox 1097 3845 1217 3905; x_wconf 89' lang='lat' dir='ltr'><em>scimus</em></span> <span class='ocrx_word' id='word_1_317' title='bbox 1225 3859 1297 3902; x_wconf 89' lang='lat' dir='ltr'><em>esse</em></span> 
     </span>
     <span class='ocr_line' id='line_1_35' title="bbox 90 3955 1297 4039; baseline -0.015 -13"><span class='ocrx_word' id='word_1_318' title='bbox 90 3964 201 4026; x_wconf 87' lang='lat' dir='ltr'><em>mundi</em></span> <span class='ocrx_word' id='word_1_319' title='bbox 220 3960 421 4039; x_wconf 87' lang='lat' dir='ltr'><em>principium.</em></span> <span class='ocrx_word' id='word_1_320' title='bbox 442 3955 564 4017; x_wconf 89' lang='lat' dir='ltr'><em>Natum</em></span> <span class='ocrx_word' id='word_1_321' title='bbox 584 3962 634 4018; x_wconf 86' lang='lat' dir='ltr'><em>est</em></span> <span class='ocrx_word' id='word_1_322' title='bbox 663 3962 769 4018; x_wconf 89' lang='lat' dir='ltr'><em>autem</em></span> <span class='ocrx_word' id='word_1_323' title='bbox 788 3977 848 4038; x_wconf 86' lang='lat' dir='ltr'><em>per</em></span> <span class='ocrx_word' id='word_1_324' title='bbox 876 3956 1210 4029; x_wconf 84' lang='lat' dir='ltr'><em>communicationem,</em></span> <span class='ocrx_word' id='word_1_325' title='bbox 1232 3966 1297 4008; x_wconf 91' lang='lat' dir='ltr'><em>non</em></span> 
     </span>
    </p>
   </div>
   <div class='ocr_carea' id='block_1_2' title="bbox 89 4060 1407 4150">
    <p class='ocr_par' dir='ltr' id='par_1_2' title="bbox 89 4060 1407 4150">
     <span class='ocr_line' id='line_1_36' title="bbox 89 4060 1407 4150; baseline -0.015 -19"><span class='ocrx_word' id='word_1_326' title='bbox 89 4089 149 4150; x_wconf 89' lang='lat' dir='ltr'><em>per</em></span> <span class='ocrx_word' id='word_1_327' title='bbox 170 4066 416 4129; x_wconf 80' lang='lat' dir='ltr'><em>abscissionem:</em></span> <span class='ocrx_word' id='word_1_328' title='bbox 437 4081 514 4124; x_wconf 90' lang='lat' dir='ltr'><em>nam</em></span> <span class='ocrx_word' id='word_1_329' title='bbox 542 4065 627 4145; x_wconf 78' lang='lat' dir='ltr'><em>quod</em></span> <span class='ocrx_word' id='word_1_330' title='bbox 648 4064 825 4125; x_wconf 71' lang='lat' dir='ltr'><em>abscissum</em></span> <span class='ocrx_word' id='word_1_331' title='bbox 851 4068 916 4135; x_wconf 92' lang='lat' dir='ltr'><em>est,</em></span> <span class='ocrx_word' id='word_1_332' title='bbox 939 4082 960 4123; x_wconf 91' lang='lat' dir='ltr'><em>o</em></span> <span class='ocrx_word' id='word_1_333' title='bbox 977 4064 1079 4138; x_wconf 79' lang='lat' dir='ltr'><em>primo</em></span> <span class='ocrx_word' id='word_1_334' title='bbox 1114 4060 1295 4134; x_wconf 84' lang='lat' dir='ltr'><em>separatur.</em></span> <span class='ocrx_word' id='word_1_335' title='bbox 1406 4066 1407 4069; x_wconf 73' lang='grc'>’</span> 
     </span>
    </p>
   </div>
   <div class='ocr_carea' id='block_1_3' title="bbox 91 4159 1297 4350">
    <p class='ocr_par' dir='ltr' id='par_1_3' title="bbox 91 4159 1297 4350">
     <span class='ocr_line' id='line_1_37' title="bbox 94 4159 1296 4248; baseline -0.012 -16"><span class='ocrx_word' id='word_1_336' title='bbox 94 4173 307 4248; x_wconf 82' lang='lat' dir='ltr'><em>(laudantem</em></span> <span class='ocrx_word' id='word_1_337' title='bbox 322 4188 381 4247; x_wconf 86' lang='lat' dir='ltr'><em>per</em></span> <span class='ocrx_word' id='word_1_338' title='bbox 398 4169 713 4228; x_wconf 87' lang='lat' dir='ltr'><em>communicationem</em></span> <span class='ocrx_word' id='word_1_339' title='bbox 724 4170 940 4246; x_wconf 71' lang='lat' dir='ltr'><em>prepeditus,</em></span> <span class='ocrx_word' id='word_1_340' title='bbox 958 4164 1169 4225; x_wconf 84' lang='lat' dir='ltr'><em>voluntariam</em></span> <span class='ocrx_word' id='word_1_341' title='bbox 1186 4159 1258 4219; x_wconf 89' lang='lat' dir='ltr'><em>adm</em></span> <span class='ocrx_word' id='word_1_342' title='bbox 1265 4160 1296 4217; x_wconf 88' lang='lat' dir='ltr'><em>i·</em></span> 
     </span>
     <span class='ocr_line' id='line_1_38' title="bbox 91 4266 1297 4350; baseline -0.012 -12"><span class='ocrx_word' id='word_1_343' title='bbox 91 4279 312 4338; x_wconf 86' lang='lat' dir='ltr'><em>nistrationem</em></span> <span class='ocrx_word' id='word_1_344' title='bbox 332 4273 523 4350; x_wconf 82' lang='lat' dir='ltr'><em>sssscipiens,</em></span> <span class='ocrx_word' id='word_1_345' title='bbox 546 4271 582 4332; x_wconf 86' lang='lat' dir='ltr'><em>id</em></span> <span class='ocrx_word' id='word_1_346' title='bbox 601 4289 673 4332; x_wconf 90' lang='lat' dir='ltr'><em>eum</em></span> <span class='ocrx_word' id='word_1_347' title='bbox 694 4290 758 4333; x_wconf 92' lang='lat' dir='ltr'><em>non</em></span> <span class='ocrx_word' id='word_1_348' title='bbox 780 4272 950 4340; x_wconf 85' lang='lat' dir='ltr'><em>imminuit,</em></span> <span class='ocrx_word' id='word_1_349' title='bbox 974 4288 1017 4330; x_wconf 84' lang='lat' dir='ltr'><em>ea</em></span> <span class='ocrx_word' id='word_1_350' title='bbox 1038 4285 1099 4349; x_wconf 78' lang='lat' dir='ltr'><em>qno</em></span> <span class='ocrx_word' id='word_1_351' title='bbox 1119 4266 1297 4326; x_wconf 82' lang='lat' dir='ltr'><em>desumtum</em></span> 
     </span>
    </p>
   </div>
   <div class='ocr_carea' id='block_1_4' title="bbox 85 4484 341 4504">
    <p class='ocr_par' dir='ltr' id='par_1_4' title="bbox 85 4484 341 4504">
     <span class='ocr_line' id='line_1_39' title="bbox 85 4484 341 4504; baseline -0.023 0"><span class='ocrx_word' id='word_1_352' title='bbox 85 4484 341 4504; x_wconf 51' lang='grc' dir='ltr'><strong><em>μ</em></strong></span> 
     </span>
    </p>
   </div>
   <div class='ocr_carea' id='block_1_5' title="bbox 125 4598 1289 4681">
    <p class='ocr_par' dir='ltr' id='par_1_5' title="bbox 125 4598 1289 4681">
     <span class='ocr_line' id='line_1_40' title="bbox 125 4598 1289 4681; baseline -0.015 -15"><span class='ocrx_word' id='word_1_353' title='bbox 125 4615 150 4681; x_wconf 74' lang='grc' dir='ltr'><em>ι)</em></span> <span class='ocrx_word' id='word_1_354' title='bbox 168 4630 195 4666; x_wconf 69' lang='lat' dir='ltr'><em>a</em></span> <span class='ocrx_word' id='word_1_355' title='bbox 216 4614 267 4665; x_wconf 79' lang='lat' dir='ltr'><em>ro.</em></span> <span class='ocrx_word' id='word_1_356' title='bbox 285 4609 328 4664; x_wconf 80' lang='lat' dir='ltr'><em>lo.</em></span> <span class='ocrx_word' id='word_1_357' title='bbox 345 4622 373 4677; x_wconf 75' lang='lat' dir='ltr'><em>p.</em></span> <span class='ocrx_word' id='word_1_358' title='bbox 390 4607 441 4662; x_wconf 80' lang='lat' dir='ltr'><em>cos</em></span> <span class='ocrx_word' id='word_1_359' title='bbox 459 4620 487 4660; x_wconf 77' lang='lat' dir='ltr'><em>s.</em></span> <span class='ocrx_word' id='word_1_360' title='bbox 506 4604 549 4660; x_wconf 82' lang='lat' dir='ltr'><em>cr.</em></span> <span class='ocrx_word' id='word_1_361' title='bbox 567 4621 594 4659; x_wconf 71' lang='lat' dir='ltr'><em>a.</em></span> <span class='ocrx_word' id='word_1_362' title='bbox 611 4605 643 4672; x_wconf 83' lang='lat' dir='ltr'><em>s,</em></span> <span class='ocrx_word' id='word_1_363' title='bbox 661 4605 711 4658; x_wconf 82' lang='lat' dir='ltr'><em>m.</em></span> <span class='ocrx_word' id='word_1_364' title='bbox 732 4606 778 4657; x_wconf 81' lang='lat' dir='ltr'><em>rs.</em></span> <span class='ocrx_word' id='word_1_365' title='bbox 798 4604 847 4659; x_wconf 79' lang='lat' dir='ltr'><em>es.</em></span> <span class='ocrx_word' id='word_1_366' title='bbox 862 4617 889 4672; x_wconf 78' lang='lat' dir='ltr'><em>p.</em></span> <span class='ocrx_word' id='word_1_367' title='bbox 906 4606 967 4660; x_wconf 84' lang='lat' dir='ltr'><em>soa</em></span> <span class='ocrx_word' id='word_1_368' title='bbox 985 4605 1020 4657; x_wconf 85' lang='lat' dir='ltr'><em>o.</em></span> <span class='ocrx_word' id='word_1_369' title='bbox 1038 4603 1097 4656; x_wconf 80' lang='lat' dir='ltr'><em>aas.</em></span> <span class='ocrx_word' id='word_1_370' title='bbox 1116 4601 1166 4667; x_wconf 77' lang='lat' dir='ltr'><em>sss</em></span> <span class='ocrx_word' id='word_1_371' title='bbox 1182 4613 1207 4653; x_wconf 79' lang='lat' dir='ltr'><em>s.</em></span> <span class='ocrx_word' id='word_1_372' title='bbox 1228 4598 1289 4649; x_wconf 83' lang='lat' dir='ltr'><em>ass·</em></span> 
     </span>
    </p>
   </div>
   <div class='ocr_carea' id='block_1_6' title="bbox 0 0 1469 5168">
    <p class='ocr_par' dir='ltr' id='par_1_6' title="bbox 0 0 1469 5168">
     <span class='ocr_line' id='line_1_41' title="bbox 0 0 1469 5168; baseline 0 0"><span class='ocrx_word' id='word_1_373' title='bbox 0 0 1469 5168; x_wconf 95' lang='lat' dir='ltr'><em> </em></span> 
     </span>
    </p>
   </div>
  </div>
 </body>
</html>
