2926 5168
1268 240 1331 307 tan

122 407 248 452 summa
261 387 410 453 libertate
429 387 593 477 profligat,
616 399 650 452 ut
667 399 777 475 neget,
801 387 965 453 diabolum
981 388 1136 464 existere,
1161 411 1223 475 quo
1245 403 1336 456 certo

120 491 194 557 illos
210 493 251 556 de
264 492 404 557 falsitate
421 493 599 558 calumniae
617 492 679 558 sibi
694 492 833 558 inflictae
852 514 947 578 quarn
964 492 1113 558 lacillime
1125 494 1335 570 convicisset,

122 609 155 662 et
166 597 327 685 malignes
342 618 453 662 eornm
469 597 598 684 linguas
615 597 801 673 retudisset,
810 600 869 663 sed
884 597 990 683 potius
1008 597 1053 662 ita
1063 599 1170 666 dehac
1181 621 1218 664 re
1231 601 1334 665 disse·

119 708 172 778 rit,
196 724 233 767 se
254 715 405 789 tanquam
435 703 660 768 adversarium
683 703 800 767 diaboli
817 704 951 788 ejusque
977 704 1071 790 regni
1090 703 1258 770 fortiorem
1282 727 1338 770 ex-

121 807 257 882 bibens,
279 819 315 872 ut
338 807 470 893 quilibet
487 808 681 872 adstantium
703 828 895 892 persuasum
918 807 1039 871 habere
1070 809 1221 883 deberet,
1249 809 1337 874 illum

122 912 329 977 existentiam
346 912 536 976 daemonum
552 932 614 975 non
634 923 755 974 tantum
765 933 828 976 uon
845 910 1035 999 impugnare
1052 925 1106 976 ant
1121 913 1336 988 dissimulare,

122 1018 183 1082 sed
201 1016 394 1082 confirmare
412 1037 451 1081 ac
465 1016 595 1080 tradere
605 1016 689 1080 velle
701 1016 849 1099 ¹).Porro
866 1017 1083 1091 Salvator,
1095 1017 1148 1081 ubi
1156 1017 1274 1084 iterum
1286 1021 1338 1083 ad·

124 1142 242 1186 versus
255 1121 441 1186 incredulos
452 1118 649 1186 Pharisaeos
667 1120 817 1204 disputat,
835 1118 925 1186 hisce
940 1119 1024 1184 inter
1039 1120 1100 1184 alia
1115 1141 1174 1185 eos
1192 1123 1339 1209 increpat

124 1227 251 1291 verbis:
278 1234 341 1290 Vos
362 1249 406 1289 ea
424 1238 518 1305 patre
540 1228 663 1290 diabolo
680 1232 769 1306 eatis,
791 1225 810 1289 i.
827 1246 854 1289 e.
871 1237 998 1310 patrem
1013 1226 1130 1289 malum
1146 1228 1334 1294 daemonem

121 1331 264 1398 habetis:
287 1340 318 1395 cl
337 1335 496 1394 desiderio
515 1339 619 1410 patria
641 1337 741 1394 vestri
762 1334 856 1394 cattio
873 1337 997 1411 facere,
1020 1333 1091 1415 ejus
1108 1332 1201 1395 malis
1220 1333 1338 1417 cupidi·

122 1436 244 1501 tatibus
261 1435 397 1521 obsequi
424 1435 569 1500 studetis.
598 1440 661 1500 Ille
680 1439 838 1500 tamtam
860 1446 933 1499 erat
951 1438 990 1500 ab
1012 1442 1123 1511 initio,
1147 1451 1177 1501 et
1198 1445 1233 1501 in
1253 1445 1339 1502 ceri-

122 1551 188 1606 tate
207 1564 274 1606 non
293 1547 399 1605 stetit:
431 1546 508 1625 quia
536 1563 602 1604 non
632 1554 682 1605 eat
710 1547 832 1604 vetitae
852 1548 887 1604 in
909 1565 964 1622 eo,
993 1540 1025 1605 in
1049 1542 1244 1606 rectitudine
1271 1565 1334 1609 non

122 1646 371 1732 perseveravit,
394 1647 433 1710 ab
459 1666 499 1709 ea
522 1645 659 1711 allectus
672 1645 913 1712 alienissimus:
944 1669 1016 1709 cum
1038 1650 1179 1727 loquitur
1200 1652 1334 1712 menda-

122 1758 216 1828 cium,
238 1774 283 1815 eat
301 1756 442 1833 propriis
463 1757 602 1834 loquitur
612 1797 624 1832 ,
647 1757 724 1836 puio
753 1756 893 1815 mendac
915 1764 973 1824 est,
996 1759 1028 1813 et
1043 1763 1138 1832 pater
1161 1757 1241 1831 ejus,
1263 1773 1336 1818 cum

123 1858 242 1921 malum
258 1877 319 1920 vos
339 1856 474 1929 edocet,
504 1876 563 1939 pro
585 1877 644 1921 suo
663 1857 760 1944 genio
783 1857 872 1944 agit,
904 1855 1059 1941 siquidem
1079 1875 1258 1940 perversus
1275 1869 1336 1933 est,

123 1972 156 2026 et
175 1959 402 2045 perversitatis
418 1979 534 2044 parens
557 1960 597 2045 ²).
619 1960 691 2039 Quo
708 1963 781 2026 loco
803 1972 893 2025 certe
912 1959 1016 2024 omnis
1034 1961 1074 2024 ad
1095 1981 1252 2027 erroneas
1280 1961 1336 2026 Ju-

124 2066 279 2131 daeorum
293 2064 461 2149 opiniones
473 2064 782 2130 adcommodationis
796 2063 939 2149 suspicio
953 2063 1154 2138 excluditur;
1170 2085 1243 2130 cum
1259 2086 1338 2130 sane

123 2188 219 2233 nemo
238 2169 345 2233 studio
354 2169 479 2234 animos
495 2167 688 2234 audientium
702 2168 764 2232 sibi
782 2167 974 2234 conciliandi
988 2169 1114 2246 ductus,
1133 2173 1234 2236 hosce
1253 2173 1338 2256 ejus·

123 2273 212 2338 modi
228 2272 344 2338 ellatur
360 2273 480 2348 verbis,
503 2274 575 2339 illos
593 2275 783 2340 necessario
805 2275 1084 2361 exasperantibus.
1111 2276 1264 2342 Necnon
1282 2275 1336 2340 ubi

124 2377 268 2443 seorsim
290 2379 331 2442 ad
347 2379 525 2463 Apostolos
544 2380 645 2442 verba
660 2378 755 2456 facit,
786 2400 867 2464 quos
884 2382 924 2444 ab
945 2380 1114 2444 erroribus
1138 2381 1338 2445 ludaeorum

123 2493 280 2556 revocat,
308 2482 486 2568 quibusque
517 2484 625 2548 datum
651 2503 725 2548 esse
747 2505 846 2549 nosse
871 2485 1027 2569 mysteria
1049 2485 1144 2570 regni
1161 2488 1337 2560 coelorum,

124 2585 266 2652 affirmat
280 2591 318 2668 ³),
339 2586 385 2650 ita
402 2586 550 2673 loquitur,
573 2601 608 2653 ut
625 2589 688 2664 illi,
711 2589 898 2654 sinendum
922 2591 1112 2655 daemonem
1131 2593 1202 2655 dari
1228 2590 1337 2656 credi-

124 2693 267 2766 dissent,
299 2692 488 2756 necessario
511 2692 543 2757 in
570 2694 653 2760 hanc
674 2694 771 2760 fidem
798 2696 1044 2760 adducerentur.
1080 2696 1138 2761 Sic
1167 2695 1333 2780 discipulis

125 2795 311 2880 parabolam
338 2794 537 2861 zinaniorum
559 2818 745 2883 exponens,
775 2798 838 2872 ait,
861 2799 1024 2866 inimicum
1050 2806 1103 2885 qui
1129 2799 1337 2865 seminaverit

124 2898 267 2976 zizania,
299 2920 375 2966 esse
393 2901 551 2968 diabolum
575 2907 631 2985 ⁴),
662 2915 694 2967 et
722 2904 910 2988 parabolam
937 2905 1129 2969 seminantis
1156 2905 1335 2989 explicans,

125 3005 286 3071 diabolum
304 3026 390 3082 esse,
414 3007 466 3092 qui
479 3009 615 3072 verbum
632 3007 694 3074 Dei
710 3009 801 3072 tollat
822 3011 862 3073 de
880 3012 979 3074 corde
999 3010 1172 3085 hominum,
1195 3030 1236 3074 ne
1251 3010 1333 3074 salvi

125 3109 203 3174 liant
219 3115 264 3196 ³);
286 3133 386 3196 porro
403 3112 444 3176 ad
461 3113 627 3178 Simonem
643 3113 730 3186 dicit,
753 3124 899 3178 satanam
918 3117 1097 3200 Apostolos
1121 3115 1332 3200 expetivisse,

114 3213 162 3278 ¹ut
180 3220 348 3290 cribraret,
370 3223 453 3281 sicut
473 3227 610 3281 triticum
633 3217 684 3303 ο),·
706 3229 801 3304 atquc
817 3218 966 3292 affirmat,
989 3239 1026 3283 se
1044 3219 1076 3283 in
1092 3220 1213 3303 judicio
1229 3219 1336 3283 nevis-

126 3320 209 3385 simo
229 3320 368 3407 injustos
387 3322 558 3387 discedere
578 3324 745 3407 jussurum
768 3329 802 3386 in
815 3329 921 3402 ianam
935 3333 1109 3397 oeternum,
1133 3330 1188 3408 qui
1201 3332 1337 3404 paratus

109 3419 176 3490 ''e'a‘t
196 3431 377 3508 diabolo,
401 3436 442 3490 et
461 3434 629 3508 capelia
650 3436 740 3507 ejus
763 3429 800 3514 7).
824 3428 977 3492 Paulus
997 3441 1123 3503 autem,
1146 3429 1229 3492 haud
1251 3426 1335 3491 timi-

126 3534 187 3598 dus
203 3532 444 3618 superstitionis
460 3533 615 3599 «iudaicae
630 3533 847 3621 impugnator,
869 3534 983 3599 fideles
1001 3537 1168 3598 admonet:
1189 3535 1336 3615 Propter·

126 3661 165 3701 cu
187 3644 318 3720 accipite
337 3650 536 3702 armaturam
557 3647 616 3702 Dei
625 3687 638 3721 ,
659 3648 696 3702 ut
711 3645 845 3718 possitis
865 3645 1019 3702 resistere
1048 3645 1083 3700 in
1105 3643 1155 3700 die
1177 3639 1281 3709 naulo,
1306 3649 1337 3701 et

124 3749 160 3808 itt
181 3747 326 3807 mnibus
345 3749 484 3823 perfecti
504 3754 600 3807 ctare.
623 3752 711 3808 State
734 3767 808 3822 erpo
829 3751 983 3807 succincti
1012 3748 1136 3807 letnrboe
1157 3751 1280 3805 uestros
1302 3750 1337 3804 in

124 3853 270 3932 efflato,
294 3857 325 3912 ct
343 3852 446 3912 induti
466 3852 596 3914 loricam
608 3855 769 3930 justitiae,
793 3859 825 3911 et
844 3853 978 3912 calceati
1003 3852 1101 3929 pedes
1130 3852 1165 3910 in
1192 3869 1336 3925 praepa-

159 4069 186 4128 1)
203 4064 305 4119 matth.
326 4067 418 4128 12,21
436 4067 567 4120 salsus.
586 4069 628 4123 tt,
647 4069 679 4117 15
697 4081 741 4118 aa.
760 4065 850 4116 Marc.
871 4065 897 4116 ³.
916 4066 950 4116 22
969 4079 1013 4116 ss.

158 4153 186 4220 ²)
204 4154 288 4206 Joan·
305 4156 333 4216 8,
351 4156 395 4209 ut.

158 4239 185 4312 3)
202 4245 302 4298 Marcu
321 4247 364 4307 13,
383 4246 421 4297 tt.

158 4333 186 4399 ⁴)
203 4337 304 4388 Manu.
323 4337 366 4397 13,
382 4338 428 4388 aa·

149 4419 184 4487 ³⁵)
202 4424 271 4477 laus.
287 4425 314 4485 8,
333 4427 374 4491 12.
392 4425 495 4479 Mattb.
515 4426 556 4484 13,
576 4427 616 4476 la.

157 4509 185 4579 ⁶)
202 4515 272 4568 Luc.
289 4515 333 4576 22,
351 4517 394 4569 31.

157 4603 183 4668 ⁷)
201 4604 304 4660 ttsttn.
321 4605 363 4663 ²5,
381 4607 425 4659 11.
443 4605 486 4659 Gi.
504 4606 585 4657 Joan.
607 4605 648 4666 tt,
666 4605 710 4655 30,
731 4604 770 4660 12,
788 4603 831 4652 31.

1046 4687 1089 4750 23
1110 4683 1126 4720 a
