2926 5168
1258 230 1337 329 333

122 373 322 439 necessitato
342 374 502 439 volumus.
523 370 606 438 (tum
627 372 726 459 igitur
747 373 978 450 Deus-omnia,
1000 393 1082 459 quae
1104 386 1268 459 operatur,
1294 396 1337 441 ex

121 478 260 545 consilio
282 477 457 543 voluntatis
479 497 559 542 suae
581 489 753 562 operetur:
775 498 839 543 uon
861 477 1135 553 eur-necessitate,
1158 481 1219 544 sed
1240 480 1335 546 liber·

122 593 189 648 tate
209 585 290 661 vult,
312 583 358 647 ita
378 593 415 646 ut
434 582 542 667 possit
563 582 660 648 etiam
682 603 721 647 ea
742 603 807 647 nou
828 583 922 647 velle.
945 585 1066 669 Atque:
1094 587 1338 651 Voluntaria

119 695 308 768 1111112111
328 696 423 752 nerto
444 693 586 751 veritatis
609 688 648 773 ¹).
662 725 712 757 ,-
733 687 808 753 Huc
830 708 956 772 qnoque
978 687 1155 771 pertinent:

203 794 236 858 b.
258 793 313 857 illa
333 793 425 867 loco,
457 791 570 878 quibus
592 793 684 856 Deus
712 813 750 857 se
777 803 926 876 paratum
948 791 1045 866 dicit,
1075 805 1111 858 ut
1131 816 1192 880 pro
1215 815 1275 872 ao,
1297 815 1336 861 ac

120 899 269 964 homines
290 878 392 984 agere
414 897 585 972 voluerint,
608 895 754 962 vicissim
782 897 907 981 etipse
929 897 973 961 sit
994 909 1146 973 acturus,
1177 911 1210 964 et
1231 901 1336 965 consi·

119 1003 204 1068 lium'
230 1024 325 1069 sunm
353 1023 413 1088 pro
444 1003 572 1067 illorum
612 1001 777 1066 voluntate
812 1002 1047 1069 moderaturus.
1079 1003 1196 1068 Potest
1227 1005 1336 1090 itaque

120 1110 214 1173 Deus
222 1153 237 1190 ,
258 1107 305 1173 uti
338 1108 407 1172 sina
438 1107 501 1171 ulla
533 1105 583 1170 sui
604 1105 800 1180 mutatione,
829 1105 874 1171 ita
905 1127 979 1171 cum
1006 1108 1155 1172 absoluta
1176 1109 1335 1183 libertate,

121 1214 193 1278 sine
213 1213 279 1278 ullo
300 1211 531 1297 impedimento
546 1221 602 1274 aut
623 1210 688 1274 ullo
711 1221 825 1277 coactu
857 1211 897 1274 nd
921 1224 1017 1276 extra
1033 1232 1134 1300 agere
1157 1233 1195 1278 ac
1218 1213 1336 1279 efficax

121 1338 207 1383 esse.
241 1317 413 1383 Praeclara
442 1326 494 1380 est
529 1314 772 1380 Ezechielis
803 1315 994 1381 alternantis
1028 1317 1114 1382 illius
1152 1320 1336 1385 sententiae

117 1422 294 1509 judiciique
315 1419 522 1508 significatio,
545 1441 607 1506 qua
629 1442 666 1486 sa
688 1428 778 1486 Dens
801 1421 973 1487 obliturum
995 1423 1166 1508 pollicetur
1196 1424 1337 1490 omnium

121 1527 293 1600 scelerum,
315 1546 396 1611 quaa
417 1535 573 1610 peccator
595 1524 772 1600 commisit,
795 1525 824 1589 si
838 1524 911 1611 ipse
928 1526 1113 1611 resipuerit,
1136 1540 1169 1593 et
1191 1529 1337 1594 vicissim

116 1630 197 1714 justi
218 1630 335 1697 merita
356 1650 416 1716 pro
439 1628 537 1694 nihilo
558 1630 737 1705 ducturum,
759 1630 789 1694 si
810 1631 850 1694 ab
872 1631 1018 1697 instituta
1049 1633 1209 1718 probitate
1231 1634 1335 1699 desci-

121 1735 206 1801 verit
220 1720 267 1814 ²J.
597 1749 600 1753 “
965 1786 967 1791 -

156 1860 160 1865 ·
205 1863 234 1906 1.
255 1841 361 1906 Porro
382 1840 455 1905 loca
464 1885 478 1919 ,
510 1838 565 1903 ubi
585 1839 746 1904 beucficia
774 1839 882 1904 divina
911 1851 1060 1927 tanquam
1088 1844 1172 1907 dona
1193 1843 1336 1931 gratuita

123 1969 160 2015 ac
181 1945 363 2012 voluntaria
384 1943 633 2020 describuntur,
656 1957 690 2008 et
715 1944 789 2008 ideo
817 1945 942 2027 gratiae
971 1946 1130 2012 vocabulo
1152 1959 1336 2013 censentur.

124 2053 159 2118 Si
181 2030 278 2119 euim*
288 2051 380 2115 Deus
401 2049 601 2114 necessitate
630 2051 818 2134 compulsus
841 2063 971 2137 ageret:
1000 2051 1086 2116 bona
1114 2053 1210 2116 uobis
1232 2052 1272 2116 ab
1295 2073 1335 2117 eo

124 2159 251 2231 collato,
274 2155 359 2220 dona
381 2152 445 2218 dici
466 2154 551 2217 hand
573 2165 728 2238 possent,
751 2155 868 2220 rredum
889 2155 1036 2243 gratiae,
1069 2176 1129 2220 sau
1160 2157 1241 2221 donn
1262 2177 1335 2242 grn-

124 2261 203 2327 tuita
224 2280 264 2325 ac
285 2259 464 2325 voluntaria
486 2266 526 2336 3).
548 2258 633 2323 Dein

196 2366 335 2430 11.-1111
358 2385 406 2438 ea,
427 2363 543 2449 quibus
565 2364 750 2438 hheralitas,
773 2363 1009 2443 misericordia,
1038 2378 1071 2431 ct
1090 2367 1174 2433 aliae
1195 2366 1335 2433 virtutes

126 2472 251 2538 diuinae
289 2469 424 2535 summis
465 2469 622 2535 encomiis
653 2469 876 2546 celebrantur,
903 2471 1117 2558 hominesque
1153 2471 1338 2537 excitantur

125 2589 191 2642 tum
213 2574 402 2641 odlandum
425 2593 464 2639 ac
485 2575 665 2661 gratiarum
687 2576 849 2640 actionem
860 2576 934 2640 Deo
957 2576 1184 2651 exhibendam,
1206 2588 1272 2641 tum
1295 2578 1336 2641 ad

124 2681 274 2746 fiduciam
294 2678 326 2743 in
348 2679 421 2743 Deo
435 2679 664 2754 collocandam,
687 2691 783 2766 atque
797 2679 964 2759 beneficia,
977 2681 1017 2745 ab
1037 2702 1077 2745 eo
1090 2681 1283 2767 postulanda
1298 2681 1335 2767 ⁴).

124 2786 217 2864 Quae
239 2784 356 2856 omnia,
375 2784 561 2849 'libertatem
582 2784 615 2848 iu
636 2785 710 2848 Deo
732 2786 864 2866 adesse,
887 2788 1069 2851 ostendunt
1092 2786 1176 2850 Nam
1190 2784 1220 2851 si
1241 2787 1337 2851 hene·

124 2876 198 2956 licia
219 2889 293 2965 illa,
324 2909 405 2974 quae
434 2909 453 2953 a
474 2888 548 2954 Deo
569 2888 602 2953 in
634 2909 694 2953 nos
717 2890 926 2962 derivantur,
949 2911 993 2955 cx
1024 2896 1223 2956 necessitate
1244 2891 1337 2956 nohis

121 2995 348 3082 ‘obtingereutt
386 2993 472 3057 nulla
511 2993 617 3057 dehita
653 2999 722 3058 laus
757 2993 959 3059 liberalitatis
1001 3015 1041 3060 ac
1080 2996 1336 3072 misericordiae,

126 3101 212 3165 nulla
232 3099 393 3182 gratitudo
415 3099 488 3164 Deo
510 3100 736 3183 rependenda,
769 3099 908 3186 nihilque
931 3101 971 3164 nh
994 3121 1034 3164 eo
1057 3104 1270 3185 sperandum,
1293 3101 1337 3166 ui·

127 3205 233 3290 hilquo
254 3206 428 3290 petendum
449 3203 545 3268 foret.
561 3203 628 3267 ⁴hd
661 3203 735 3289 quid
758 3204 843 3269 euim
864 3215 897 3270 et
917 3216 1053 3269 nostrae
1076 3205 1117 3269 ad
1137 3206 1252 3271 Deum
1266 3227 1337 3292 pra·

127 3328 195 3386 ces,
218 3321 252 3375 et
272 3310 335 3375 Dei
356 3311 395 3375 ad
409 3331 471 3375 uos
486 3309 732 3376 exhortationes
748 3329 787 3374 ac
802 3309 1081 3386 commonitiones,
1103 3309 1132 3374 si
1143 3309 1242 3400 -lntoli
1261 3331 1336 3396 qua·

130 3415 202 3480 dum
221 3413 422 3481 necessitate
443 3416 528 3480 hona
549 3415 602 3480 val
624 3416 708 3479 mala
728 3414 942 3480 immitteret?

156 3540 160 3549 ·
250 3519 291 3585 Β.
305 3521 513 3586 Absolutum
541 3520 603 3585 Dei
630 3520 815 3587 libertatem
846 3541 972 3607 quoque
1001 3523 1098 3586 docet
1127 3518 1337 3629 'iraditiq

124 3623 209 3753 ulter
229 3625 396 3714 religionis
419 3622 630 3691 Christianae
646 3625 730 3690 lons.
752 3627 844 3692 llam
858 3626 944 3692 enim
964 3626 1095 3691 tradunt
1251 3643 1254 3647 ’

130 3798 387 3815 ψ

163 3887 185 3954 ¹)
205 3888 267 3941 tao.
286 3890 310 3948 1,
330 3888 371 3941 11.
391 3888 434 3940 11.
451 3891 478 3940 1.
497 3890 568 3951 urg.
585 3887 629 3950 11,
648 3889 689 3938 11.
708 3885 775 3938 Joo.
792 3888 837 3949 es,
856 3889 898 3939 11.
914 3888 966 3939 ns.
984 3887 1032 3946 11,
1060 3887 1102 3938 11.
1122 3887 1189 3947 111,
1207 3883 1339 3940 111111.

130 3972 171 4038 11,
189 3978 215 4027 1.
233 3976 319 4027 uror.
336 3977 380 4036 11,
400 3978 423 4026 1.
441 3977 515 4027 nan.
533 3975 679 4035 111111.
699 3975 759 4026 Jer.
778 3977 821 4035 11,
838 3981 866 4026 1.
890 3976 913 4029 1.
932 3974 1001 4028 cor.
1021 3977 1046 4038 1,
1063 3977 1106 4026 11.
1123 3975 1168 4028 11.
1187 3973 1251 4030 aar.
1271 3978 1296 4040 1,
1314 3967 1339 4029 l.

130 4062 233 4132 llphcs.
252 4065 371 4128 1,1-1.
390 4068 416 4117 9.
436 4068 478 4116 11.
497 4067 579 4120 Rom.
597 4068 623 4127 8,
639 4067 683 4118 28.
700 4069 728 4129 o,
748 4067 840 4127 1-11,
858 4067 902 4119 36.
1389 4065 1390 4068 ’

160 4153 379 4221 3)Ι111111.33,
400 4157 509 4208 11-19.
529 4154 574 4208 cl.
591 4156 630 4206 11.
648 4156 692 4216 38,
711 4156 722 4206 l
743 4168 784 4206 ss·
802 4155 863 4207 311.
881 4158 913 4215 7,
937 4156 949 4205 1
969 4169 1011 4209 11.
1031 4156 1079 4217 18,
1097 4156 1114 4206 8
1132 4169 1175 4207 11.
1193 4157 1233 4209 Is.
1253 4157 1278 4217 l,
1297 4157 1339 4209 19.

133 4242 194 4297 lou.
212 4244 333 4305 3,111.
352 4247 379 4298 3.
397 4244 468 4311 ling.
486 4246 531 4307 21,
546 4245 578 4296 21
597 4258 641 4297 11.
659 4249 713 4296 etc.

161 4326 247 4403 ³Jct.
264 4336 348 4388 nom
363 4338 390 4396 o,
410 4337 519 4389 ro-23.
539 4337 567 4386 1..
581 4334 650 4386 cor.
669 4337 709 4395 11,
726 4335 743 4384 e
761 4349 805 4387 ss.
824 4335 928 4396 1111,
949 4336 990 4384 11.
1007 4333 1112 4388 matth.
1131 4337 1157 4396 1,
1177 4336 1225 4386 11.»

163 4420 972 4490 ’11111111,111.111,111.111,11.111.11,
999 4424 1340 4486 111..111.33,11.-
1426 4441 1427 4444 ’

136 4511 750 4578 11111,11-11.111111.1,1-11.111.
769 4513 1339 4578 11,10-13ζ-Μ11111.21,22.Μ111.

125 4603 736 4702 1121.1.3ο11.3,22,11“111111.3,20.
