2926 5168
122 353 279 438 Spiritum
296 355 330 417 S.
350 354 540 438 procedere,
552 354 652 417 noluit
665 353 772 437 itaque
788 354 940 435 synodus
957 352 1106 437 adjicere,
1124 354 1270 438 quoniam
1292 354 1331 416 de

122 460 293 523 bocnemo
311 459 500 544 quaerebat,
524 479 627 543 neque
642 458 807 522 dubitabat
830 456 875 541 ¹];
898 459 950 520 vel
976 477 1016 521 ne
1041 460 1170 522 occasio
1199 460 1332 543 praebe·

108 575 212 628 -retur
226 564 468 629 Macedonianis
496 563 663 647 opinandi,
695 562 880 627 Ecclesiam
902 563 951 625 vel
977 583 996 625 a
1023 563 1119 649 longe
1142 585 1185 627 ex
1205 564 1331 628 illorum

120 680 214 753 parte
251 681 348 733 stare.
371 668 563 739 Caeterum,
587 668 615 732 si
640 668 779 752 objectio
811 668 864 731 illa
885 668 1025 730 valeret:
1050 668 1185 733 deberet
1205 691 1331 755 quoque

121 773 301 839 Concilium
316 773 700 859 Constantinopolitanum
714 772 878 846 accusari,
902 773 986 856 quod
1005 774 1193 855 Symbolum
1211 775 1328 840 Nicae-

120 901 206 953 num,
230 880 280 944 cui
295 882 405 964 plures
414 880 567 944 articulos
578 878 704 963 adjecit,
728 877 919 962 corruperit.
948 879 1033 941 Leo
1056 880 1113 946 lll.
1138 881 1266 965 quidem
1277 903 1332 944 no·

121 982 380 1048 luitadditionem
398 983 588 1068 particulae:
612 981 929 1066 Filioque,(loncilio
945 983 1240 1069 Aquisgraneusia.
1261 986 1333 1053 809.

122 1088 433 1172 postulante,etipso
443 1088 562 1153 Carolo
571 1089 690 1174 Magno
699 1087 923 1151 auctoritatem
933 1088 1267 1175 suaminterponeute,
1277 1091 1329 1153 ad·

125 1194 268 1277 probare
286 1206 381 1279 atque
396 1195 435 1258 ad
452 1195 636 1258 universam
653 1191 834 1256 Ecclesiam
852 1193 1044 1265 extendere,
1068 1194 1213 1278 quamvis
1230 1196 1333 1280 palam

121 1299 290 1382 professus
304 1297 365 1372 sit,
389 1311 423 1363 ut
437 1310 596 1364 testantur
620 1309 691 1362 acta
720 1296 911 1384 legationis,
943 1297 1098 1381 Spiritum
1125 1301 1159 1363 S.
1197 1301 1334 1364 etiama

121 1403 204 1468 Filio
218 1404 397 1488 procedere
413 1410 458 1484 2),
483 1404 597 1489 partim
623 1409 770 1488 quoniam
797 1403 882 1466 nulla
906 1403 1087 1467 necessitas
1111 1405 1142 1468 id
1165 1405 1331 1491 exigebat,

121 1521 155 1573 ut
167 1508 252 1572 inter
271 1508 447 1572 Sacrorum
466 1508 622 1573 solemnia
636 1507 763 1591 publice
789 1506 979 1589 Symbolum
1000 1528 1072 1571 cum
1094 1508 1148 1572 illa
1170 1508 1332 1573 additione

121 1614 366 1688 decantaretur,
388 1613 505 1697 partior
525 1613 596 1698 quia
612 1618 784 1698 praecipue
803 1612 934 1704 nolebat
956 1612 1210 1697 inspectantibus
1227 1612 1332 1678 Grae·

121 1718 169 1783 cis
184 1730 297 1782 contra
313 1718 452 1783 litteram
468 1717 602 1783 Concilii
619 1717 778 1802 Ilplresini
800 1738 919 1804 agore,
943 1737 1004 1801 quo
1023 1717 1181 1783 sancitum
1203 1730 1265 1794 est,
1289 1722 1333 1782 al·

120 1832 225 1886 teram
242 1826 338 1906 sidem
354 1830 475 1887 nemini
492 1828 591 1887 licere
598 1829 759 1904 proferre,
782 1825 1058 1898 anteonscrilere,
1071 1832 1128 1885 aut
1138 1846 1332 1905 componere,

119 1937 248 2008 praeter
265 1931 426 2009 definitam
444 1953 465 1992 a
478 1929 540 1993 SS.
565 1931 729 2002 Patribus,
758 1936 812 2009 pai
843 1933 876 1990 in
897 1927 1021 1989 Nicaea
1054 1951 1128 1991 enm
1153 1935 1273 2008 spirita
1297 1931 1332 1992 S.

122 2038 309 2112 eonqreycti
320 2038 457 2113 fueram
485 2039 532 2112 3);
556 2035 639 2119 quod
667 2044 774 2097 tamen
801 2043 913 2114 aperte
943 2033 983 2094 de
1005 2032 1068 2096 lide
1092 2033 1256 2098 contraria
1279 2043 1334 2097 aut

121 2137 285 2202 diversas
302 2137 364 2201 lide
376 2136 408 2200 in
426 2138 583 2223 Symbola
600 2139 746 2203 Nicaeno
762 2137 942 2222 proposita,
966 2149 1020 2200 aut
1043 2159 1122 2202 vero
1143 2140 1182 2202 de
1200 2139 1332 2202 ulterio-

121 2244 149 2307 ri
168 2242 385 2307 declaratione
416 2264 475 2327 per
491 2263 650 2328 personas
679 2243 821 2329 privatas
837 2242 983 2306 addenda
1000 2242 1242 2329 intelligendum
1265 2254 1333 2311 est;

122 2347 258 2434 alioquin
270 2347 453 2413 Orientalcs
461 2349 524 2432 ipsi
540 2348 634 2435 primi
647 2347 785 2411 luissent
797 2347 890 2431 bujus
906 2347 1028 2411 decreti
1038 2347 1225 2422 violatores,
1236 2368 1331 2433 quum

123 2452 303 2517 Concilium
328 2452 613 2527 chalcedonense,
637 2453 713 2517 licet
735 2451 944 2516 renovaverit
971 2451 1173 2517 sanctionem
1194 2452 1333 2537 Ephesi·

117 2578 216 2631 nam,
240 2557 429 2639 Symbolum
443 2578 462 2621 a
478 2557 629 2621 Patribus
648 2555 1011 2640 constantinopolitanis
1039 2570 1184 2622 erectum
1203 2576 1333 2640 recepe-

117 2663 181 2737 rit,
204 2672 238 2726 et
253 2661 285 2725 in
301 2683 395 2725 usum
412 2683 615 2727 communem
631 2663 730 2728 totius
745 2661 918 2726 Ecclesiae
934 2661 1107 2728 deduxerit
1129 2672 1167 2740 ⁴).
1190 2663 1282 2727 Unde
1300 2672 1332 2725 et

122 2767 239 2831 Patres
253 2766 387 2833 Concilii
406 2767 600 2844 Florentini,
623 2766 733 2856 graeci
752 2779 785 2830 et
802 2765 910 2838 latini,
944 2767 1110 2832 declarare
1138 2779 1331 2853 potuerunt,

122 2876 366 2954 explicationem
382 2876 550 2936 aeriarum
559 2876 705 2937 illoram:
729 2874 934 2954 „lliliopae“,
950 2878 1094 2935 veritatis
1106 2877 1322 2937 declarandae

116 2986 247 3056 qratia,
268 2985 449 3044 imminente
466 2987 540 3043 tanc
564 2985 763 3053 necessitate,
783 2983 866 3041 licite
895 2985 926 3039 et
941 2980 1172 3041 rationabiliter
1185 2981 1332 3059 Symbola

117 3086 230 3159 fnisse
251 3090 425 3166 appositam
448 3094 487 3162 ⁵).

207 3188 299 3268 Quod
318 3210 396 3253 vero
417 3190 531 3254 attinet
543 3189 800 3262 Theodoretum,
824 3187 877 3273 qui
894 3188 1118 3273 blasphemum
1137 3208 1177 3252 ac
1197 3188 1329 3273 impium

122 3315 199 3360 esse
231 3282 314 3363 dicit
334 3300 373 3374 ⁶),
396 3317 438 3359 ec
457 3297 542 3358 tritta
556 3304 614 3358 cat
629 3317 687 3374 per
700 3295 821 3356 Filiam
846 3293 1053 3359 existentiam
1081 3295 1203 3358 habere
1231 3293 1330 3376 Spiri-

121 3411 188 3464 tum
212 3399 264 3465 S.:
299 3411 445 3473 constat,
486 3401 555 3482 ejus
588 3398 710 3483 scripta
738 3420 801 3462 una
832 3417 905 3462 cum
934 3396 1066 3482 scriptis
1100 3398 1332 3461 Theodori

121 3500 421 3589 Mopsuesteo'i
443 3503 636 3589 etepistola
667 3504 766 3567 lbae
799 3503 831 3566 in
854 3501 1058 3567 Concilio
1089 3501 1330 3567 Constanti-

121 3609 378 3694 napolitano
400 3611 438 3674 ll.
461 3631 488 3673 a.
508 3612 582 3676 553.
607 3609 818 3674 condemnata
836 3628 920 3671 esse.
944 3606 1117 3671 Caeterum
1130 3609 1201 3691 ipse
1221 3607 1330 3671 nonni·

116 3713 149 3777 si
166 3711 295 3777 videtur
312 3733 432 3800 negare
445 3713 600 3798 Spiritum
617 3715 651 3778 S.
662 3735 720 3799 per
736 3713 850 3779 Filium
867 3725 922 3778 aut
942 3735 960 3777 a
975 3713 1057 3777 Filio
1077 3725 1224 3778 creatum
1244 3734 1329 3786 esse,

121 3819 246 3904 quoda
268 3816 389 3902 Cyrillo
411 3819 522 3883 verbis
543 3818 624 3894 illis,
646 3824 751 3899 ipsum
772 3823 927 3898 Spiritum
949 3820 1028 3882 Filii
1055 3823 1219 3898 propriam
1249 3841 1330 3894 ease,

155 4121 180 4186 1)
199 4120 243 4173 ct.
260 4118 329 4184 Epi
337 4119 439 4184 pbao.
458 4123 542 4171 Haer.
563 4123 612 4173 14.
630 4137 657 4172 a.
679 4125 725 4172 14.
745 4119 814 4185 0pp.
834 4120 867 4170 Τ.
887 4122 911 4169 1.
929 4133 956 4183 p.
976 4121 1035 4170 904.

155 4203 180 4275 ²)
199 4208 242 4261 cf.
261 4210 348 4260 (lone.
366 4208 543 4273 nqutsgr.
562 4224 587 4259 a.
606 4210 665 4260 8119.
686 4207 823 4270 Massi,
842 4211 910 4258 Uolt.
931 4211 1013 4259 conc.
1034 4207 1067 4258 Τ.
1090 4208 1129 4258 tt.
1149 4221 1174 4260 c.
1195 4210 1227 4258 18
1245 4221 1286 4256 ss.

154 4293 257 4363 ³)·Act.
277 4301 306 4350 6.
324 4301 408 4350 Decr.
425 4303 458 4348 de
475 4302 520 4356 tid.
539 4296 579 4349 lb.
600 4297 631 4347 Τ.
651 4297 675 4348 b.
694 4311 719 4351 c.
741 4297 805 4348 1362
824 4311 850 4348 s.

155 4385 181 4449 ¹0)
199 4391 258 4438 Act.
277 4391 305 4440 5.
323 4386 364 4440 lb.
384 4389 416 4439 Τ.
436 4389 461 4441 7.
484 4400 508 4438 ο.
529 4388 623 4440 1113.

155 4473 180 4541 ⁵)
197 4481 261 4536 nef.
280 4480 313 4530 s.
331 4492 387 4528 oea.
406 4480 471 4538 snt.
490 4480 567 4527 ntor.
585 4474 627 4527 rt.
647 4476 677 4526 r.
696 4478 740 4528 ar.
760 4489 783 4525 c.
803 4446 876 4527 root.

155 4559 181 4631 ⁶)
198 4571 314 4626 Repreb.
335 4571 383 4621 12.
403 4583 479 4628 capo.
499 4568 594 4628 t'nrill.
612 4571 692 4619 Atec.
709 4570 790 4625 Reor.
810 4582 854 4617 aa.
874 4569 900 4616 9.
920 4565 990 4637 0pp.
1008 4565 1081 4621 Τ.1.
1100 4581 1128 4635 p·
1148 4565 1204 4619 718.
