2926 5168
186 245 230 326 dd

188 410 266 497 agit,
289 429 370 494 quae
391 419 524 492 praeter
555 428 628 470 eum
650 422 751 494 agere
774 404 880 490 potest
900 424 1012 469 nemo:
1036 404 1131 469 etiam
1153 402 1265 479 Deus,
1297 420 1392 489 quum

187 514 286 578 variis
316 513 421 577 modis
451 533 523 577 cum
554 510 734 575 hominibus
756 508 1021 583 communicavit,
1051 521 1084 573 et
1112 529 1212 593 opera
1242 509 1392 593 patravit,

187 639 268 703 quae
289 637 382 682 nemo
404 617 486 680 alius
513 626 620 700 potest
644 627 792 700 patrare,
823 613 1108 679 luculentissimum
1128 614 1222 677 nobis
1246 613 1394 696 praebuit

187 743 265 787 suae
286 722 482 786 existentiae
499 720 726 784 testimonium.
758 763 761 769 -

316 826 413 889 B.lta
428 845 551 910 quoque
568 823 756 889 Ecclesia
771 844 909 908 semper,
925 824 1031 887 Deum
1048 842 1182 907 eumque
1201 844 1299 886 unum
1319 843 1393 886 esse

186 929 370 994 firmissime
396 929 513 1002 tenuit,
546 939 640 1013 atque
661 929 766 1011 palam
792 927 927 1012 docuit3
952 929 1012 991 88.
1041 928 1195 992 Patres
1218 939 1327 990 autem
1357 946 1392 989 ac

187 1034 351 1120 Theologi
368 1035 501 1117 insuper
522 1032 614 1096 varia
640 1043 831 1117 argumenta
855 1033 1077 1116 quaesierunt,
1106 1032 1220 1116 quibus
1242 1029 1341 1094 fidem
1363 1029 1394 1092 in

186 1138 379 1202 Christianis
401 1137 640 1209 confirmarent,
663 1136 713 1197 uel
736 1154 814 1197 vero
832 1134 976 1199 infideles
994 1141 1234 1199 convincerent.
1265 1133 1309 1197 tu
1330 1134 1394 1217 qui-

187 1245 259 1308 dem
282 1243 387 1307 onmia
409 1252 617 1328 argumenta,
648 1260 727 1323 quae
755 1238 990 1321 posterioribus
1013 1240 1212 1323 temporibus
1234 1259 1253 1301 a
1276 1237 1393 1300 'Pheo-

186 1350 270 1434 logis
293 1350 333 1412 ad
355 1345 560 1410 existentiam
584 1345 645 1406 Dei
668 1343 877 1406 evincendam
900 1354 974 1407 sunt
996 1344 1200 1429 excogitata,
1233 1343 1317 1428 apud
1339 1362 1393 1404 ve·

187 1466 285 1526 teres,
302 1455 371 1536 jam
393 1448 577 1514 adcuratius
600 1448 763 1531 exposita,
791 1448 857 1530 jam
880 1448 1080 1511 solummodo
1103 1448 1311 1517 adumbrata,
1344 1446 1394 1510 de·

187 1556 426 1641 prehendimus,
451 1552 507 1617 Sic

273 1666 301 1728 l.
324 1660 412 1734 idea,
434 1659 584 1738 Deum,
608 1667 717 1740 utpote
740 1677 798 1721 ens
820 1656 1102 1740 perfectissimum,
1124 1655 1394 1720 necessitate

191 1756 409 1829 existendi
436 1774 618 1826 naturae
649 1782 751 1825 suae
780 1760 944 1825 interna
966 1763 1180 1837 existere,
1209 1761 1254 1824 ita
1288 1771 1325 1823 ut
1356 1780 1394 1822 ne

189 1868 388 1956 cogitatione
410 1867 537 1952 quidem
559 1866 732 1931 existentia
764 1866 803 1930 ab
827 1867 897 1950 ejus
920 1867 1062 1930 essentia
1084 1887 1144 1930 seu
1166 1876 1282 1929 natura
1305 1884 1395 1947 sepa·

189 1974 255 2037 rari
277 1974 393 2057 possit,
416 1972 479 2034 88.
502 1970 653 2034 Patribus
675 1971 804 2035 minime
826 1971 884 2035 suit
905 1971 1083 2058 incognita,
1115 1971 1261 2056 quamvis
1283 1970 1397 2032 eadem

190 2079 230 2141 ad
253 2087 488 2163 argumentum,
511 2087 545 2138 ut
567 2079 670 2161 ajunt,
704 2098 747 2141 ex
779 2077 930 2160 professo
960 2079 1210 2141 construendum
1232 2095 1336 2159 usque
1359 2075 1398 2137 ad

191 2182 377 2244 Anselmum
400 2178 666 2244 cantuariensem
689 2203 767 2244 usus
790 2181 833 2244 sit
854 2202 957 2244 nemo.
979 2181 1051 2244 Huc
1073 2181 1235 2264 pertinent
1255 2179 1399 2244 testimo-

193 2285 245 2349 nia
273 2284 504 2348 Clementis
536 2286 661 2360 Alex,
693 2285 899 2373 Gregorii
931 2287 1048 2366 Nan,
1077 2285 1294 2368 Dionysii,
1325 2284 1400 2348 hla-

192 2389 302 2464 ximi,
325 2387 502 2463 Hilarii,
525 2389 792 2473 Hieronymi,
827 2390 1055 2478 Augustini
1077 2402 1171 2474 atque
1193 2388 1400 2475 Gregorii

192 2495 248 2567 ht,
271 2513 369 2578 supra
390 2494 527 2566 laudata,
550 2495 663 2578 quihus
675 2495 868 2568 edisserunt,
889 2496 995 2557 Deum
1016 2515 1151 2579 eumque
1173 2494 1276 2557 solum
1295 2516 1401 2567 vere,

192 2604 469 2676 simpliciter,
500 2620 649 2661 summe
679 2623 724 2662 ac
750 2603 1042 2681 principaliter
1070 2622 1184 2673 esse,
1216 2620 1275 2663 seu
1304 2621 1401 2660 esse

191 2723 262 2780 per
283 2705 508 2775 scitabere,
538 2700 582 2765 ita
610 2715 646 2765 ut
674 2709 825 2766 tentari
854 2712 1016 2768 omnine
1045 2726 1126 2767 non
1145 2709 1304 2786 possit,
1338 2702 1401 2765 imo

194 2812 329 2886 ipsum
350 2811 414 2868 sio
435 2828 541 2884 esse,
563 2816 751 2890 utraeque
771 2816 964 2889 potuerit,
981 2830 1112 2893 neque
1127 2815 1318 2891 suturam
1338 2814 1402 2880 sit,

193 2915 400 2990 otpotstt
419 2934 501 2974 aon
523 2935 621 2976 esse.

277 3022 306 3082 2.
327 3016 470 3080 Maxime
501 3017 654 3082 usitatum
676 3018 829 3083 Patribus
851 3032 903 3083 est
923 3020 1000 3084 illud
1022 3030 1267 3107 argumentum,
1299 3017 1401 3104 quod

196 3140 246 3183 ex
266 3119 575 3213 universitatis
598 3125 801 3208 adspectu
829 3136 869 3187 et
901 3127 988 3208 ejus
1016 3123 1194 3209 partium
1217 3121 1402 3207 disposi-

192 3224 326 3299 tione,
359 3245 406 3288 ac
436 3237 530 3290 rata
556 3239 599 3290 et
620 3228 840 3293 constanti
872 3229 998 3293 illius
1022 3226 1401 3291 administratione

195 3329 381 3394 sumitur.
426 3329 483 3393 stc
523 3331 640 3395 scribit
680 3332 966 3408 Athanasius,
1011 3344 1047 3396 ut
1084 3331 1302 3416 Theophilum
1342 3333 1401 3395 Au·

195 3434 292 3498 tiocb.
316 3438 341 3512 ¹)
364 3431 565 3508 omittamus,
594 3439 859 3520 quemadmodum
890 3458 933 3500 ex
959 3437 1109 3522 operibus
1143 3456 1242 3520 saepe
1274 3437 1401 3509 artilex,

198 3538 294 3602 etiam
316 3537 456 3612 absens,
479 3557 581 3623 neque
603 3541 713 3617 visus,
736 3554 948 3627 agnoscatur,
971 3542 1020 3606 sic
1042 3542 1139 3607 etiam
1161 3563 1204 3604 ex
1225 3542 1335 3606 mundi
1359 3562 1404 3607 or·

198 3643 270 3706 dine
300 3653 334 3705 et
354 3641 588 3729 gubernatione
611 3647 683 3729 ejus
716 3645 864 3730 opificem
886 3647 994 3710 Deum
1015 3657 1048 3710 et
1070 3647 1269 3711 conditorem
1292 3645 1405 3712 intelli·

198 3748 242 3834 gi,
266 3747 327 3811 etsi
349 3747 497 3832 corporis
520 3749 622 3814 oculis
643 3751 792 3835 usurpari
814 3763 971 3836 nequeat,
999 3754 1083 3837 quod
1105 3751 1210 3836 ipsum
1232 3753 1410 3819 tradidisse

200 3852 332 3916 Paulum
353 3854 557 3937 Apostolum,
581 3867 647 3919 tum
670 3858 709 3919 ad
732 3856 896 3921 Romanos
919 3857 1124 3931 scribentem,
1149 3869 1215 3920 tum
1237 3859 1325 3941 apud
1347 3861 1417 3943 Ly·

200 3977 321 4021 caonas
343 3965 440 4022 verba
459 3958 639 4034 facientem,
663 3961 746 4027 dicit
768 3965 891 4044 Ecquis
913 3968 1006 4037 enim,
1023 3961 1133 4046 inquit,
1156 3966 1237 4026 coeli
1258 3969 1425 4029 ambitum

200 4065 340 4145 solisque
360 4067 507 4128 ollonae
528 4088 676 4142 cursum,
705 4070 905 4150 aliorumque
936 4071 1075 4130 siderum
1092 4072 1264 4149 positiones
1293 4077 1329 4131 et
1348 4076 1426 4133 eir*

201 4175 438 4243 cumoectiones,
461 4178 641 4236 contrarias
663 4178 788 4257 quidem
810 4197 847 4236 uc
869 4176 1039 4236 dissimiles
1048 4219 1061 4254 ,
1084 4181 1142 4236 sed
1161 4177 1195 4235 irs
1215 4176 1288 4252 ipsa
1309 4176 1439 4239 dissi‘

200 4275 377 4336 artilitudine
407 4281 572 4358 aequalem
593 4281 733 4343 ordinem
764 4281 802 4341 ab
830 4282 973 4343 evanidas
993 4280 1091 4342 omrai
1108 4285 1271 4342 seruatum
1291 4272 1451 4344 intueri

236 4538 258 4601 ¹)
276 4544 318 4591 Ad
334 4543 452 4593 Anatis.
475 4546 494 4594 1.
520 4545 546 4593 1.
563 4559 589 4596 n.
609 4548 691 4596 5-6.
710 4542 779 4612 0pp.
797 4545 941 4600 Justin.
961 4551 1015 4602 etc.
1034 4560 1059 4616 p.
1079 4547 1128 4602 ³68
1147 4563 1171 4602 s.
1192 4543 1236 4603 Gi,
1256 4546 1455 4617 Quaestioaae

108 4632 110 4637 '
201 4633 301 4682 Graec.
318 4646 342 4695 q.
360 4635 387 4682 3.
404 4628 448 4683 lb·
464 4644 491 4698 p.
507 4633 566 4685 tet.

287 4770 299 4802 l
