2926 5168
1273 249 1337 316 ΤΒ

125 426 178 466 suo
194 406 300 466 ordine
339 412 469 464 attamen
488 411 603 461 tantum
621 404 651 460 in
671 403 723 461 illa
746 421 887 479 persona,
911 404 959 463 cni
977 404 1138 480 competit,
1161 422 1220 462 non
1237 413 1336 464 autem

125 513 214 571 etiarn
233 511 263 570 ln
290 512 403 578 altera,
437 510 487 567 cni
504 527 559 568 nec
576 517 751 584 competere
774 517 883 584 potest.
906 505 1027 568 Filiatio
1047 511 1126 568 enim
1142 517 1258 568 tantam
1284 509 1336 569 ha·

126 620 174 677 bet
195 617 425 683 excellentiam,
448 623 590 692 quantam
606 614 801 692 Paternitas‚
824 622 914 690 atque
928 621 1042 673 tantam
1059 614 1151 674 habet
1170 619 1337 676 necessita·

125 735 185 783 tem
203 723 372 782 absolutam
389 719 539 779 existendi
557 721 586 778 in
601 723 690 788 Deo,
713 727 858 795 quantam
876 718 960 777 haec.
985 720 1135 778 Similiter
1159 739 1254 798 aeque
1269 741 1336 799 per·

125 832 237 888 lectum
253 836 316 896 cst,
338 827 368 885 in
387 827 500 885 divinis
521 843 590 883 esse
608 825 773 900 Spiritum,
797 840 835 882 ac
865 819 990 882 Patrem
1018 834 1047 882 et
1069 826 1187 885 Filium.
1210 830 1338 904 insuper

125 953 256 1012 persona
273 934 399 1012 quaevis
429 932 571 1009 personis
603 931 671 989 aliis
695 930 871 988 necessario
895 930 1056 1002 conjuncta
1082 933 1212 1008 cogitari
1239 931 1337 1000 debet,

125 1042 246 1098 minime
260 1048 360 1097 autem
374 1039 410 1097 ab
432 1039 470 1096 iis
485 1044 629 1113 separata
650 1044 752 1093 mente
771 1036 889 1111 concipi
908 1045 1020 1111 potest,
1042 1037 1087 1094 ita
1105 1045 1147 1104 ut,
1170 1036 1274 1096 habita
1288 1055 1336 1097 ra·

125 1147 206 1205 tione
227 1145 347 1202 unionis
369 1143 476 1218 hujus,
500 1144 581 1200 nulla
612 1141 755 1200 destituta
784 1159 854 1200 esse
876 1141 1015 1200 videatur
1031 1142 1238 1217 perfectione,
1262 1161 1338 1220 quae

122 1252 183 1310 illis
198 1252 286 1331 inest.
310 1253 407 1317 Nam,
431 1249 473 1307 ait
494 1246 701 1318 Athanasius,
722 1251 835 1306 sancta
856 1251 888 1305 et
907 1246 999 1307 leuto
1036 1245 1179 1305 Trinitas
1215 1247 1336 1308 indici·

123 1362 188 1415 dua
210 1360 304 1432 atque
324 1356 396 1429 ipsa
418 1370 524 1412 secum
545 1354 637 1412 unita
658 1355 725 1422 est,
746 1353 793 1410 ita
814 1356 865 1422 ut,
888 1353 942 1411 uti
971 1351 1086 1412 Patris
1124 1356 1238 1412 mentio
1264 1355 1336 1433 liat,

124 1460 268 1533 ejusdem
290 1461 398 1520 statim
424 1457 576 1530 Verium,
599 1477 637 1516 uc
674 1458 710 1517 in
732 1459 821 1517 -nstio
856 1455 1000 1533 Spiritus
1038 1456 1153 1516 deleat
1184 1459 1333 1538 intellipi.

124 1564 218 1638 ouon
236 1565 265 1626 ai
286 1564 393 1625 Filius
413 1566 610 1639 consuetur,
631 1562 776 1622 similiter
798 1564 832 1622 in
853 1562 938 1623 nnn
960 1565 1010 1622 est
1025 1560 1144 1628 Pater,
1166 1579 1227 1622 nec
1244 1570 1339 1626 entra

129 1670 266 1730 Verbum
286 1670 429 1745 Spiritus
449 1672 498 1728 est
519 1673 558 1742 ¹).

207 1772 375 1837 observ.
396 1773 426 1835 2.
447 1769 511 1846 Quo
528 1773 703 1831 abstrusius
721 1782 785 1832 eta
806 1775 958 1832 communi
980 1774 1133 1833 hominum
1153 1792 1247 1832 sensu
1274 1776 1337 1834 lon·

122 1882 191 1958 gius
221 1886 371 1938 remotum
403 1887 450 1936 est
477 1877 535 1936 SS.
557 1878 718 1937 Trinitatis
748 1879 947 1952 mysterium,
983 1898 1018 1937 eo
1046 1879 1143 1953 major
1172 1877 1339 1940 adhibenda

126 1986 246 2055 cautio,
269 1994 300 2042 nt
324 1984 475 2061 castigata
499 1991 529 2040 et
553 1983 698 2042 adcurate
730 1985 770 2041 sit
799 1993 908 2043 nostra
935 1983 971 2041 tle
1001 2003 1035 2042 eo
1072 1984 1210 2060 loquendi
1248 1987 1337 2048 ratio.
1386 1980 1388 1984 ⁴

124 2089 209 2165 Quod
233 2098 264 2148 nt
284 2090 348 2161 fiat,
371 2089 410 2146 iis
433 2088 577 2147 duntaxat
600 2088 741 2146 utendum
764 2089 899 2159 vocibus,
929 2106 1003 2165 quas
1027 2097 1078 2146 aut
1101 2088 1262 2165 Scriptura
1286 2100 1337 2150 aut

124 2195 262 2256 Traditio
285 2203 336 2253 aut
357 2188 520 2254 Ecclesiae
543 2195 637 2253 totius
674 2195 721 2252 vel
745 2193 868 2253 scholae
886 2193 1054 2253 catholicae
1076 2210 1150 2252 usus
1173 2212 1336 2257 consecra·

123 2303 215 2376 verit,
243 2301 400 2377 omnisque
430 2299 790 2377 proptercafferhorum
811 2299 940 2375 prolana
962 2299 1082 2358 novitas
1105 2299 1154 2360 hic
1178 2309 1267 2362 caute
1291 2313 1338 2361 est

123 2404 311 2468 declinanda.

518 2776 945 2878 litulurlll.

169 2959 238 3038 De
262 2949 661 3065 processionibus
686 2982 736 3030 ae
761 2954 1046 3034 notionibus
1075 2956 1269 3035 divinis.

534 3099 558 3181 5.
583 3093 647 3166 53.
670 3095 917 3183 ingressio.

206 3279 287 3346 (lum
308 3279 461 3343 attributa
481 3279 628 3345 absoluta
650 3280 754 3345 trihus
773 3286 805 3343 in
822 3279 989 3345 divinitate
1006 3282 1154 3366 personis
1178 3303 1335 3370 exaequo

120 3396 328 3472 competant,
351 3383 554 3449 conditiones
570 3384 726 3466 temporis
742 3397 849 3450 autern
864 3385 918 3449 vel
933 3385 1027 3470 spatii
1046 3384 1078 3449 in
1098 3386 1238 3451 divinam
1264 3390 1336 3453 sub-

122 3489 275 3555 stantiam
301 3510 364 3554 non
386 3490 520 3556 cadant:
542 3490 633 3565 illud,
658 3511 729 3575 quo
744 3490 868 3574 ipsaea
891 3510 929 3554 se
956 3490 1124 3567 differunt,
1148 3491 1274 3557 nonnisi
1293 3515 1337 3560 ex

120 3616 233 3660 earum
254 3595 294 3658 ad
315 3592 454 3659 invicem
472 3594 647 3670 relatione,
669 3594 702 3659 in
719 3615 781 3680 qna
790 3595 884 3660 unice
911 3595 973 3659 sibi
996 3607 1211 3681 opponuntur,
1230 3600 1336 3682 repeti

118 3709 249 3786 potest,
272 3710 429 3785 quatenns
447 3719 509 3762 nna
531 3700 571 3763 ab
586 3700 686 3764 altera
704 3699 865 3788 originem
880 3701 997 3774 habet,
1021 3721 1081 3765 seu
1099 3721 1162 3765 una
1180 3703 1219 3766 ab
1233 3704 1335 3769 altera

119 3804 279 3894 procedit.
301 3803 385 3869 Nam
400 3804 547 3889 quamvis
569 3804 671 3870 Filius
687 3807 823 3891 eandem
840 3825 912 3873 cnm
931 3805 1030 3869 Patre
1049 3804 1167 3871 habeat
1192 3807 1336 3875 divinite-

120 3922 209 3986 tem‚
235 3921 268 3974 et
285 3909 429 3994 Spiritus
461 3910 495 3974 S.
520 3910 654 3975 candem
679 3932 752 3976 cnm
775 3911 875 3976 Patre
904 3923 938 3976 et
960 3912 1066 3979 Filio:
1090 3923 1196 3977 tamen
1235 3914 1336 3978 Filius

121 4037 195 4082 eam
218 4014 281 4081 sibi
295 4014 563 4080 communicatam
584 4015 701 4101 accipit
719 4016 862 4090 aPatre,
886 4028 919 4080 et
934 4016 1077 4102 Spiritus
1094 4018 1129 4084 S.
1152 4018 1285 4083 aPatre
1303 4032 1337 4084 et

119 4121 226 4208 Fili03
249 4118 367 4185 ethinc
387 4121 481 4184 datur
496 4120 667 4186 interillos
683 4131 792 4185 certus
816 4122 914 4197 ordo,
938 4111 990 4206 qui
1016 4121 1145 4188 minime
1172 4123 1335 4190 immutari

119 4235 251 4313 potest,
271 4224 305 4288 in
320 4225 456 4290 formula
470 4224 666 4310 Baptismia
691 4224 825 4291 Christo
860 4226 1002 4292 Domino
1029 4248 1229 4314 expressus,
1260 4229 1334 4294 dan·

155 4461 180 4520 1)
198 4460 288 4514 noter.
307 4460 343 4509 ad
360 4459 504 4517 Serapion.
522 4474 549 4509 n.
569 4462 617 4510 u.
637 4456 707 4524 opp.
726 4458 757 4510 Τ.
778 4461 802 4510 l.
819 4458 851 4511 Ρ.
869 4461 896 4512 2.
914 4474 941 4526 p.
958 4462 1064 4516 scam.
1084 4461 1127 4515 (li.
1144 4462 1169 4514 ll
1180 4460 1241 4529 pip
1253 4461 1333 4515 han.

119 4551 206 4602 Haer.
228 4551 276 4600 73.
293 4563 320 4601 s.
341 4553 390 4600 19.
408 4547 479 4613 Opp.
498 4547 531 4602 Τ.
553 4551 577 4600 1.
596 4561 622 4613 p.
642 4548 701 4600 866.
720 4553 816 4602 Aneor.
834 4566 863 4603 n.
881 4556 930 4604 to.
949 4552 983 4607 Τ.
1000 4551 1027 4607 2.
1054 4565 1080 4619 p.
1101 4553 1132 4607 ts
1158 4567 1186 4605 s.
1211 4578 1244 4590 -
1269 4551 1332 4603 Ba·

120 4634 185 4693 sil.
201 4639 289 4702 Epist.
307 4639 357 4690 38.
376 4654 405 4690 n.
423 4641 454 4691 4.
474 4636 545 4705 opp.
564 4637 597 4690 Τ.
614 4638 640 4692 3.
658 4651 685 4705 p.
706 4639 764 4692 118.
