2926 5168
1257 279 1321 345 m

114 460 230 503 noram
250 443 364 500 mentio
390 443 554 517 interpres.
586 434 678 498 Unde
709 442 742 495 et
764 440 850 495 reete
877 434 954 494 mitri
982 434 1085 495 316196
1105 432 1228 493 videtur
1246 451 1324 491 rer·

113 567 164 608 mo
188 547 251 616 itte,
273 549 382 626 quiin
409 544 528 604 notitae
548 542 647 603 Ponti
676 544 813 619 scriptae
836 546 901 613 eet,
935 537 1325 615 praedicationum

115 655 236 713 anirnat
256 653 396 715 oioene.“
423 657 571 712 Joonneo
603 667 676 709 aero
705 645 865 707 enoeteiae
895 651 927 706 et
948 642 1150 721 praeclarior
1177 644 1212 702 in
1233 643 1323 702 initio

116 757 287 835 annpelii
306 759 359 817 sni
380 757 472 828 dicit,
502 762 636 835 propria
665 755 844 833 definitione
877 758 905 813 0
923 770 940 812 6
956 771 977 811 n
992 768 1023 811 m
1053 769 1144 811 esre
1169 749 1325 832 definient

122 869 308 934 Variam,
331 866 460 923 dicem:
483 863 557 935 „Et
579 861 693 921 11606
714 865 805 920 erat
836 858 1044 919 Veroamf‘
1066 890 1103 903 ·-
1135 857 1199 931 Oai
1220 868 1326 920 autem

116 974 241 1030 initium
262 970 316 1030 etat
343 968 443 1029 Verbo
464 968 526 1029 Dei
534 1011 547 1046 ,
576 968 628 1026 oet
647 968 822 1046 sapientiae
843 965 913 1036 Dei,
935 969 1063 1025 iatnere
1072 1009 1084 1041 ,
1106 983 1148 1024 ne
1168 966 1271 1041 manis
1291 967 1327 1025 in

118 1079 221 1152 ipaam
243 1077 420 1149 impenitam
441 1076 568 1133 Patrem
589 1075 778 1148 impietatem
800 1088 890 1130 secam
905 1071 1017 1144 jactet,
1041 1089 1111 1130 cnm
1132 1089 1202 1132 enm
1223 1076 1327 1147 nepot,

120 1200 274 1259 tromper
295 1180 464 1240 Patrem
481 1180 652 1251 faisse,
681 1178 936 1255 etpenaim
962 1175 1160 1247 Verbum,
1192 1175 1326 1236 ottra-

121 1288 266 1346 iaiaae
286 1286 538 1361 sapientiam
558 1286 601 1343 in
622 1286 803 1343 omnitrao
825 1282 1126 1354 anterioribus,
1149 1285 1213 1341 oet
1232 1286 1326 1341 tem·

119 1395 306 1468 parione,
328 1387 606 1458 oeloaeoalir‚
629 1387 700 1448 oet
719 1391 760 1446 si
781 1386 1018 1468 quiaillud
1037 1390 1110 1459 eet,
1133 1387 1238 1466 qnod
1257 1406 1327 1447 no·

123 1496 203 1554 min
212 1497 275 1555 ari
294 1498 436 1569 pateat.
448 1527 487 1536 -
501 1493 677 1570 Insaniam
686 1501 793 1552 antem
808 1502 857 1552 est
870 1497 903 1552 et
916 1492 1069 1563 ittieitnm,
1081 1492 1186 1552 Deam
1203 1496 1330 1552 Patrem

123 1602 154 1658 ia
182 1602 390 1675 pancratione
418 1601 689 1673 onipeniti
717 1597 823 1658 Filii
855 1601 934 1657 rai
965 1603 1060 1677 atque
1088 1600 1122 1656 in
1149 1598 1331 1657 nictantia

124 1707 191 1780 ep'aa
213 1723 396 1784 exaequare
417 1704 514 1763 atiani
533 1703 587 1762 oet
606 1702 766 1763 hominnm
787 1702 840 1762 oei
858 1702 992 1763 aliorum
1007 1704 1215 1764 animantiam
1234 1719 1331 1778 pene·

123 1810 230 1887 ranti,·
257 1811 317 1868 sect
338 1827 471 1868 neeesse
499 1814 558 1884 ert,
586 1807 710 1885 atipaid
736 1812 901 1885 exceptam
930 1826 1002 1866 eree
1029 1808 1161 1886 Deoqae
1188 1809 1331 1884 dipnnm,

125 1933 196 1974 enm
216 1912 307 1973 natta
324 1931 462 1991 prorsas
484 1917 694 1990 comparatio,
726 1931 792 1973 non
822 1915 856 1973 in
877 1913 973 1972 retae
994 1913 1117 1992 eolaam,
1147 1913 1207 1973 aed
1235 1931 1278 1973 ne
1298 1916 1333 1972 ia

124 2022 311 2096 capitatione
332 2019 469 2098 quidem,
491 2019 545 2079 oet
562 2038 662 2078 eonon
682 2020 822 2078 inveniri
838 2024 960 2097 potest,
991 2024 1029 2079 at
1047 2019 1189 2079 hamana
1210 2023 1331 2094 copita-

124 2128 164 2184 96
182 2130 289 2202 possit
308 2124 565 2202 apprehendere,
588 2125 740 2201 peronneto
770 2127 930 2200 inponitao
960 2125 1049 2185 Deae
1074 2134 1168 2202 pater
1199 2126 1335 2204 efficitur

125 2233 335 2306 nniyeniti
356 2229 468 2290 Filii.
491 2234 572 2290 Eat
590 2248 763 2310 namque
783 2233 843 2291 ita
864 2235 1033 2290 aeterna
1054 2249 1102 2291 ao
1124 2231 1332 2306 sempiter-

124 2353 174 2393 no
196 2337 425 2409 peneratio,
447 2337 562 2394 aiant
581 2336 782 2411 splendor
802 2346 1036 2410 ,aeneratar
1057 2355 1107 2396 en
1129 2335 1229 2396 Ince.
1259 2333 1335 2394 Non

126 2441 207 2498 enim
226 2458 286 2516 per
305 2440 501 2518 adoptionem
532 2443 664 2516 spiritns
686 2439 791 2500 Filiae
809 2443 848 2519 fit
868 2444 1081 2514 extrinsecae,
1104 2447 1167 2502 660
1186 2446 1335 2502 natara

123 2545 248 2619 fitius
270 2551 339 2605 eet.
363 2580 401 2591 -
426 2544 469 2605 Ut
490 2550 594 2605 aretem
616 2564 736 2605 anam
759 2552 795 2605 et
815 2552 982 2606 eandem
1004 2549 1341 2623 omnipotentiam

129 2651 268 2708 Patrio
289 2669 332 2711 aa
354 2649 456 2710 Filii
479 2669 748 2727 maeaopnoecoa
771 2653 856 2712 aiant
876 2671 985 2713 anae
1006 2663 1132 2734 atque
1152 2653 1259 2712 idem
1280 2662 1342 2712 eot

129 2771 213 2812 oam
234 2750 377 2832 Patre,
401 2755 517 2814 Dono
538 2761 575 2814 et
594 2756 813 2834 Dominae,
836 2757 912 2818 endi
934 2758 993 2816 troo
1015 2758 1106 2817 morto
1127 2761 1341 2818 ioannemin

130 2855 316 2935 Apocalypsi
338 2860 508 2919 dicentem:
531 2864 641 2931 „Haeo
663 2862 738 2920 dicit
758 2862 916 2921 Dominam
937 2862 1045 2935 Deae,
1070 2865 1125 2942 qni
1145 2870 1208 2936 eat,
1239 2868 1269 2923 et
1289 2867 1344 2941 poi

131 2970 214 3043 erat,
245 2970 278 3023 et
306 2967 360 3043 qai
387 2972 544 3026 venturae
573 2972 622 3024 eet
643 2969 865 3044 omnipoteno.“
896 2965 959 3039 Oai
990 2969 1072 3027 enim
1102 2973 1255 3027 venturae
1282 2976 1342 3036 eet,

132 3074 199 3146 onie
220 3069 375 3129 entolina
394 3073 459 3130 nisi
483 3068 661 3131 Uiriatus?
691 3077 736 3131 Et
767 3076 849 3132 sient
878 3091 968 3132 nemo
991 3073 1082 3133 debet
1100 3073 1236 3151 offendi,
1270 3090 1343 3132 oum

132 3173 220 3235 Dein
240 3176 283 3234 rit
301 3171 409 3246 Pater,
433 3175 625 3254 quodetiam
639 3176 789 3238 Salvator
810 3182 860 3236 ert
876 3183 1008 3237 Deae:
1031 3181 1076 3237 ita
1098 3183 1129 3237 et
1149 3195 1220 3237 anm
1240 3179 1344 3237 omni-

135 3284 246 3354 potem
267 3283 383 3340 dicitnr
404 3283 500 3340 Pater
529 3285 623 3343 etiam
650 3282 761 3342 nnltno
790 3283 880 3342 debet
894 3283 1023 3360 offendi,
1047 3283 1134 3365 qnod
1158 3287 1252 3343 etiam
1273 3276 1341 3344 Fi·

135 3383 1342 3472 tiaeomnipotensdioitnr1).-GregoriusTharrmaturgus,

166 3605 189 3665 ¹)
207 3605 250 3653 De
266 3606 352 3661 princ.
372 3607 393 3655 t.
413 3608 442 3657 1.
460 3618 486 3655 c.
506 3608 532 3656 2.
552 3619 578 3654 n.
601 3608 682 3654 1-4.
704 3609 751 3655 10.
776 3604 844 3670 opp.
872 3606 906 3656 Τ.
935 3608 957 3655 1.
983 3618 1009 3670 p.
1027 3607 1139 3657 53-55.
1158 3606 1199 3655 68.
1217 3604 1259 3656 cf.
1279 3608 1298 3656 1.
1316 3609 1345 3655 4.

124 3708 159 3743 a.
179 3695 229 3745 28.
247 3706 276 3757 p.
296 3694 345 3743 189
374 3708 399 3745 s.
418 3710 443 3745 n.
463 3698 511 3744 29.
531 3708 556 3757 p.
580 3697 636 3744 199.
655 3707 680 3746 6.
698 3696 723 3745 2.
743 3698 819 3747 Com.
840 3697 912 3747 Geta.
934 3700 955 3747 1.
974 3701 1001 3745 5.
1021 3712 1048 3746 n.
1067 3699 1119 3748 24.
1141 3698 1172 3748 Τ·
1194 3700 1216 3746 1.
1237 3709 1265 3760 ρ.
1283 3697 1345 3746 996.

126 3784 154 3831 J.
172 3783 200 3832 2.
218 3796 244 3830 n.
267 3785 294 3832 9.
313 3795 338 3844 p.
358 3783 419 3835 393.
438 3786 457 3832 I.
478 3787 506 3834 6.
523 3801 549 3836 n.
571 3789 617 3834 17.
643 3785 677 3837 Τ.
705 3789 728 3836 1.
755 3800 782 3852 p.
810 3787 870 3838 613.
889 3804 914 3838 a.
934 3791 983 3837 47.
1002 3801 1027 3851 p.
1047 3789 1108 3838 669.
1127 3804 1154 3839 n.
1175 3791 1223 3838 64.
1241 3799 1270 3851 p.
1287 3787 1345 3838 681.

126 3887 160 3921 m.
178 3874 227 3922 73.
254 3885 282 3936 p.
305 3874 367 3924 687.
394 3877 413 3924 1.
441 3876 467 3922 8.
496 3891 523 3925 n.
550 3879 575 3923 9.
602 3889 628 3940 p.
656 3877 714 3928 719.
734 3894 760 3928 η.
781 3881 830 3927 13.
850 3891 877 3942 p.
895 3879 943 3927 751
963 3892 988 3928 a.
1007 3894 1034 3929 a.
1055 3880 1104 3928 14.
1123 3890 1150 3942 p.
1169 3881 1228 3929 762.
1248 3895 1275 3931 n.
1296 3881 1345 3928 67.

125 3972 161 4024 ]).
180 3961 291 4012 79216
311 3964 377 4014 Gen.
398 3965 415 4012 1.
435 3966 462 4014 1.
481 3962 515 4016 Τ.
533 3964 559 4017 2.
578 3978 604 4029 p.
626 3968 649 4015 1.
669 3968 700 4017 ln
718 3969 804 4017 Enati.
823 3972 903 4020 Hom.
924 3971 950 4016 9.
969 3985 994 4019 n.
1015 3972 1042 4020 3.
1061 3969 1094 4022 Τ.
1108 3971 1135 4020 2.
1155 3982 1180 4033 p.
1197 3970 1254 4021 163.
1274 3982 1298 4019 o.
1317 3971 1345 4019 2.

119 4047 165 4101 Jl.
184 4052 216 4102 ln
234 4047 319 4101 Nam.
338 4056 418 4101 Hom.
439 4057 487 4104 11.
505 4071 533 4105 n.
552 4057 581 4105 8.
600 4055 633 4106 Τ.
651 4058 677 4106 2.
696 4069 724 4120 ρ.
742 4058 803 4108 310.
823 4071 846 4108 e.
867 4060 890 4108 1.
913 4062 988 4108 Hom.
1011 4063 1038 4111 1.
1057 4076 1083 4109 n.
1105 4063 1151 4109 11.
1174 4063 1222 4111 13.
1243 4073 1268 4124 p.
1288 4058 1346 4108 2188.

122 4142 164 4191 Ja
180 4143 227 4191 Pe.
252 4145 280 4192 1.
299 4158 327 4193 νι.
345 4143 375 4192 2.
394 4142 425 4191 Τ.
443 4144 468 4191 2.
487 4155 512 4205 p.
531 4144 589 4192 626.
608 4147 638 4194 tn
656 4148 716 4196 ter.
741 4150 819 4196 itam.
846 4152 874 4198 9.
901 4164 927 4200 n.
955 4151 984 4197 4.
1010 4146 1044 4198 Τ.
1063 4151 1087 4199 3.
1108 4162 1134 4213 p.
1156 4150 1202 4199 181
1224 4164 1249 4199 s.
1267 4151 1345 4200 Hom.

123 4232 161 4281 8.
179 4246 206 4280 n.
224 4233 252 4283 2.
270 4243 298 4294 p.
318 4232 376 4281 171.
388 4233 466 4282 Hom.
487 4236 535 4282 11.
553 4249 580 4284 a.
598 4238 628 4286 4.
647 4247 675 4297 p.
694 4236 899 4289 2381611009.
918 4246 935 4286 t·
958 4242 1007 4292 14.
1026 4255 1053 4289 νι.
1076 4242 1101 4288 7.
1119 4237 1152 4291 Τ.
1170 4241 1195 4292 3,
1215 4252 1241 4304 p.
1259 4239 1346 4289 8221.

127 4328 150 4369 t.
178 4322 228 4370 12.
257 4336 283 4370 n·
311 4324 339 4372 6.
367 4334 394 4384 p.
422 4323 480 4372 519.
506 4324 537 4374 ln
561 4325 657 4374 Mante.
684 4328 770 4376 Serm.
795 4343 821 4378 n.
850 4329 901 4380 86.
928 4341 956 4391 p.
983 4329 1043 4379 889.
1070 4329 1105 4380 Ε.
1132 4332 1163 4380 ln
1179 4331 1262 4380 loon.
1282 4331 1299 4377 l·
1321 4333 1347 4379 1.

131 4425 161 4460 n.
180 4412 232 4461 32.
251 4409 284 4460 Τ.
303 4410 328 4460 tr.
347 4424 373 4474 p.
391 4412 436 4463 33.
454 4421 471 4462 t.
491 4417 518 4463 6.
539 4431 565 4465 a.
584 4418 634 4466 22.
652 4429 678 4479 p.
699 4418 755 4467 137.
774 4426 791 4466 r.
811 4422 839 4467 1.
858 4435 884 4470 n.
905 4423 954 4470 11.
975 4430 1001 4481 ρ.
1025 4419 1055 4468 11
1076 4432 1100 4468 s.
1122 4428 1139 4469 r.
1160 4421 1188 4469 2.
1206 4434 1233 4469 a.
1252 4423 1280 4472 9.
1300 4421 1347 4469 18.

141 4502 192 4550 21.
210 4511 238 4562 p.
257 4501 288 4549 61
309 4513 349 4552 ss.
369 4503 411 4552 76.
429 4504 462 4552 78
481 4515 506 4551 s.
525 4512 542 4551 t.
561 4506 609 4554 32.
634 4520 661 4556 n.
689 4507 738 4558 18.
764 4519 791 4570 p.
809 4507 869 4558 119.
887 4515 905 4557 t.
925 4512 972 4558 10.
991 4524 1018 4561 m
1037 4513 1087 4560 30.
1106 4521 1132 4572 p·
1150 4507 1210 4559 212.
1230 4512 1285 4559 eto.
1304 4507 1347 4557 Ex

138 4588 222 4639 hisce
241 4587 331 4651 locis,
354 4589 402 4640 ubi
428 4595 486 4640 tam
512 4591 640 4643 clarem
659 4595 810 4660 perspicue
831 4596 972 4662 Origenes
993 4596 1116 4647 divinam
1135 4597 1200 4647 Filii
1218 4596 1348 4648 adstruit

132 4681 278 4741 naturam,
297 4693 369 4745 qnae
389 4679 466 4741 61111,
485 4680 560 4731 iuter
579 4674 646 4735 θεὸς
663 4686 692 4732 61
711 4675 725 4728 ὃ
743 4675 810 4739 θεὸς
828 4682 1011 4752 discernens,
1028 4683 1063 4734 de
1082 4683 1135 4737 1116.
1151 4684 1348 4736 6166616616

1069 4770 1147 4839 18*
