2926 5168
117 403 249 494 ritae,
268 423 353 498 aia,
370 405 448 482 'deor
468 421 672 483 veritatis
694 415 893 506 adpellantur
919 403 1015 504 1).·’--
1037 415 1087 488 lta
1102 413 1234 511 quoque
1262 430 1327 509 tan·

40 609 44 616 .
119 525 192 588 dem
215 522 348 588 disertis
367 523 476 588 verbis
498 544 612 590 sacrae
636 525 773 613 paginae
791 527 941 601 tradunt,
974 527 1057 592 velie
1083 528 1192 595 Deum
1219 532 1328 596 voiun-

120 640 187 694 tate
199 628 464 694 'constantissima
494 642 590 717 atque
620 649 638 695 a
668 631 842 696 mutatione
868 651 1006 716 prorsus
1038 632 1149 699 aliena.
1182 634 1224 699 N
1229 656 1332 716 epae

120 725 318 827 eatm'ltomo
340 745 409 818 eat,
431 743 468 800 ut
501 744 580 813 apat
595 743 907 819 poenitentiam
929 745 966 819 ²).

173 842 240 909 .·B.
270 843 475 908 Testimonia
512 864 555 908 ex
586 842 866 909 Traditionis
895 864 1022 930 quoque
1053 845 1258 911 documentis
1281 846 1337 912 hic

118 936 267 1034 proferre
286 969 562 1035 supervacaneum
582 968 772 1023 censemus,
795 948 890 1035 idque
909 970 947 1014 eo
965 949 1090 1038 magis,
1113 971 1211 1037 quum

151 1055 187 1092 ”³
204 1054 241 1120 Οἱ
258 1055 326 1141 jam
346 1055 418 1140 ipsa
439 1054 551 1120 ratio
573 1075 634 1119 nos
648 1055 687 1119 ad
705 1054 904 1118 voluntatem
921 1054 1194 1140 perfectissimam
1208 1055 1242 1121 in
1262 1056 1354 1122 Det»

121 1161 348 1225 assumendam
364 1170 470 1250 cogat.
491 1159 621 1225 Etenim

204 1287 233 1332 a.
256 1286 328 1332 cum
345 1267 495 1331 voluntas
511 1264 682 1330 manifeste
701 1266 740 1328 ad
757 1263 976 1350 perfectiones
993 1266 1172 1352 pertineat:
1198 1267 1284 1353 ipsa,
1308 1274 1425 1332 ert

123 1371 249 1458 quidem
264 1372 504 1458 perfectissima
520 1393 646 1458 quoque
667 1371 699 1435 in
720 1361 812 1447 Deo,
836 1384 910 1437 ente
932 1370 1194 1455 perfectissimo,
1217 1373 1435 1439 deessffl

122 1468 185 1540 n‘on
206 1489 334 1562 potest;
357 1498 418 1565 qua
442 1466 615 1542 destitutus
630 1475 819 1543 necessario
845 1477 941 1542 etiam
960 1475 1122 1552 libertate,
1139 1483 1348 1554 sanctitate,
1405 1500 1443 1543 ε.

117 1581 265 1666 justitia,
286 1583 487 1672 benignitate
502 1594 565 1651 etc.
589 1602 704 1648 carere
726 1583 876 1658 deberet,
900 1602 959 1646 seu
975 1582 1068 1647 Deus
1085 1604 1150 1648 non
1172 1596 1277 1649 esset.

130 1702 132 1707 ·
184 1687 241 1779 sb.
263 1686 348 1750 Dein
374 1686 459 1753 sicut
483 1688 658 1752 existentia
687 1687 795 1751 muudi
824 1697 918 1771 atque
947 1687 1085 1764 ordinis,
1116 1698 1183 1752 tam
1211 1675 1460 1775 physicon

129 1811 223 1877 quam
240 1791 390 1867 moralis,
413 1792 445 1856 in
468 1813 507 1857 eo
525 1792 711 1879 conspicui,
733 1791 923 1858 necessario
940 1792 1084 1877 postulat
1100 1814 1158 1858 ens
1184 1805 1454 1862 necessum

124 1897 215 1961 rium
227 1917 266 1963 ac
280 1897 521 1984 independens:
541 1899 587 1964 ita
606 1899 719 1963 eadem
737 1920 874 1984 prorsus
891 1897 1090 1963 necessitate
1106 1898 1211 1988 exigit
1229 1901 1458 1967 volunssss

53 2008 55 2011 ’
130 2013 230 2067 tatem
251 2009 280 2066 in
297 2003 359 2069 hoc
378 2016 471 2087 ente;
494 2026 589 2090 quum
604 2006 741 2069 mundus
760 2017 854 2090 atque
872 2014 1006 2089 uterque
1020 2004 1072 2067 ilie
1093 2005 1163 2090 ejus
1181 2004 1277 2081 ordo,
1296 2013 1389 2070 ntJ
1406 2003 1461 2059 ΙΙῐ

131 2096 207 2192 pete
238 2109 453 2199 contingens,
482 2111 614 2175 acideo
643 2110 850 2195 temporalis,
880 2107 1007 2175 nonnisi
1036 2107 1140 2174 libero
1165 2110 1347 2176 voluntatis
1357 2096 1457 2172 151·

123 2216 208 2278 'actu
226 2227 316 2280 ortus
341 2215 434 2293 esse,
457 2237 496 2281 ac
512 2216 705 2281 conservari
722 2214 837 2302 possit.

218 2323 380 2386 Observ.
402 2328 428 2390 1.
452 2328 527 2385 Cum
549 2328 633 2386 Deus
660 2343 715 2403 pro
739 2343 856 2383 summa
881 2323 1068 2400 perfectione
1089 2326 1258 2401 voluntatis
1274 2332 1463 2395 sumt-2

135 2446 252 2488 omnem
268 2449 351 2500 rem,
375 2449 462 2508 quam
478 2433 557 2501 vult,
580 2416 716 2508 pro⁸ejua
737 2428 835 2511 indole
849 2429 941 2495 velit3
964 2432 1033 2500 etsi,
1056 2439 1088 2488 ut
1111 2432 1199 2490 unico
1214 2451 1250 2493 ac
1275 2435 1455 2493 simntn

136 2512 305 2610 plicissimo
327 2546 395 2595 actu
412 2539 512 2595 omnia
529 2538 686 2614 intelligit,
709 2537 752 2594 ita
767 2536 855 2594 unico
875 2551 909 2592 ac
931 2534 1158 2610 simplicissimo
1176 2538 1344 2599 voluntatis
1359 2525 1458 2592 iii

137 2647 215 2710 actu,
234 2659 319 2700 asna
337 2650 446 2699 natura
460 2641 646 2713 indistincto,
659 2642 735 2709 vult,
752 2657 945 2718 quaecunque
960 2641 1044 2700 vult:
1066 2651 1178 2714 tamen,
1200 2661 1261 2702 nou
1287 2642 1378 2720 quii
1388 2628 1461 2691 ⁸¹¹²

138 2745 205 2805 dem
221 2765 259 2806 ex
279 2755 365 2824 parte
381 2749 463 2826 Dei,
487 2748 540 2806 sed
558 2768 596 2807 ex
614 2757 702 2825 parte
721 2765 843 2815 rerum,
866 2745 901 2804 ad
918 2764 992 2822 quas
1014 2749 1152 2808 voluntas
1166 2747 1234 2824 ejus
1252 2747 1418 2808 refert
1431 2749 1457 2786 'f'

138 2859 205 2921 tur,
228 2853 314 2912 varia
326 2854 466 2912 voluntas
485 2853 586 2913 divina
603 2852 749 2930 distingui
769 2859 879 2928 potest.

222 2960 263 3017 111
279 2959 398 3036 quidem

224 3082 250 3124 a.
273 3054 458 3125 discernitur
485 3063 685 3126 voluntas
708 3063 951 3124 necessaria
982 3071 1012 3122 et
1033 3059 1181 3124 libera.
1205 3042 1450 3124 Volunt*

141 3177 203 3228 tas
230 3174 471 3231 necessaria
514 3172 624 3231 dicitur
657 3172 798 3230 voluntas
828 3169 928 3228 divina
962 3177 1103 3239 eatenus,
1135 3179 1286 3247 quatenus
1315 3186 1377 3227 av
1395 3144 1451 3210 1‘1

141 3277 239 3336 Deum
255 3274 371 3354 ipsum,
395 3296 545 3338 summum
558 3279 669 3337 honuni
685 3285 774 3354 atque
795 3255 1013 3335 omnebonum
1036 3273 1115 3333 aliud
1139 3272 1299 3350 possibile,
1320 3274 1394 3332 ἰιί
1407 3249 1451 3311 Ῐ“

143 3399 177 3439 se
195 3390 385 3459 spectatum,
407 3384 557 3455 refertur,
581 3400 714 3461 quaeque
734 3382 764 3439 in
784 3383 851 3440 Deo
867 3398 997 3458 prorsus
1015 3396 1073 3437 nou
1097 3374 1333 3459 poteat'ahesse
1395 3373 1455 3422 θ’

130 3487 232 3564 'quum
251 3491 336 3549 Deus
357 3493 554 3568 semetipsum
570 3497 714 3567 tanquam
733 3468 881 3547 summum
899 3488 1031 3554 bonum,
1055 3491 1085 3542 et
1100 3484 1142 3541 ita
1156 3483 1250 3543 etiam
1263 3482 1343 3560 quod·
1359 3454 1457 3533 β’

144 3611 260 3672 cunque
275 3595 357 3654 eliud
374 3597 483 3655 bonum
501 3596 567 3654 dari
585 3603 705 3671 potest,
729 3593 794 3652 sine
813 3592 1067 3661 contradictione,
1090 3591 1109 3650 i.
1132 3610 1159 3648 e.
1177 3589 1248 3666 quin
1269 3591 1369 3648 Deus
1386 3578 1460 3632 ss

145 3719 214 3760 esse
234 3700 363 3773 desinat,
382 3721 440 3761 non
463 3702 563 3777 possit
585 3701 740 3760 nouvelle
758 3707 809 3757 aut
830 3717 890 3757 non
913 3697 1051 3774 diligere.
1072 3729 1109 3740 -
1131 3693 1281 3753 Libera
1303 3682 1454 3751 atu-1³¹

145 3811 207 3862 tem
220 3809 390 3884 appellatur
408 3807 549 3865 voluntas
566 3804 681 3872 divina,
698 3809 846 3880 quatenus
863 3801 900 3862 ad
918 3803 999 3860 entia
1016 3809 1118 3861 ereata
1138 3800 1259 3871 attinet,
1281 3817 1365 3877 qua·
1380 3789 1463 3843 fl*

145 3908 229 3969 Deus
247 3911 337 3970 etiam
355 3914 442 3973 salva
455 3929 510 3971 sua
523 3909 641 3969 infinita
653 3907 846 3984 perfectione
860 3925 918 3965 nou
936 3907 1013 3967 velle
1029 3915 1145 3983 posset.

187 4017 259 4096 eh·
302 4020 499 4077 Voluntas
541 4017 684 4087 libera,
729 4014 966 4085 consilium,
1010 4013 1276 4088 propositum
1317 3985 1457 4088 ⁸1⁶

145 4208 399 4226 *-

182 4287 206 4353 ι)
223 4289 272 4342 rs.
291 4291 334 4348 aa,
352 4291 378 4343 a.
396 4289 439 4352 85,
459 4291 501 4340 n.
520 4289 579 4349 ne,
596 4289 640 4340 ao.
658 4288 701 4338 ae.
720 4286 780 4337 tua.
799 4288 858 4339 too.
876 4283 945 4334 Mat.
963 4284 990 4345 a,
1008 4285 1033 4335 e.
1052 4281 1120 4335 rot.
1140 4285 1182 4349 m,
1211 4287 1254 4338 ao.
1272 4271 1461 4335 torua·

151 4381 239 4441 3,21.
260 4381 360 4438 16,13.
380 4382 422 4438 17,
450 4382 493 4433 17.
519 4381 546 4432 2.
573 4377 655 4429 Joan.
681 4378 705 4428 tt.
723 4378 749 4428 3.
766 4377 849 4427 doun.
867 4375 894 4429 ῑι.
914 4375 996 4429 Rom.
1017 4376 1042 4437 1,
1061 4375 1103 4429 tt.
1120 4375 1147 4436 2,
1164 4375 1192 4429 3.
1212 4373 1329 4434 (1113.
1410 4385 1452 4415 ⁴

149 4469 260 4537 Ephcs.
277 4472 304 4533 5,
322 4474 348 4522 9.
1217 4465 1220 4471 ’

183 4557 209 4628 ²)
231 4564 255 4612 1.
272 4562 345 4628 ch.
366 4562 407 4622 tt,
427 4561 472 4615 29.

183 4645 208 4716 ³)
226 4651 251 4702 2.
272 4649 345 4706 Tim.
364 4654 390 4715 1,
408 4652 434 4705 9.
451 4650 534 4704 Rom.
552 4653 579 4715 3,
596 4651 640 4702 28.
