2926 5168
1257 270 1321 340 288

108 431 154 489 sit
181 431 385 506 exploratius,
409 448 495 506 quam
510 448 639 508 negasse
653 431 742 502 illos,
764 433 872 490 Filium
888 449 991 490 ossea
1011 430 1103 489 Patre
1129 429 1243 489 factum
1269 437 1320 488 aut

104 546 269 608 creatum,
292 545 324 594 ut
343 555 381 594 cx
396 536 472 593 locis
486 552 578 612 supra
595 537 697 594 citatis
716 538 797 597 clara
811 539 918 598 elucet.

199 641 229 702 2.
251 641 348 698 Porro
368 640 459 716 aliqui
474 643 597 698 Patrum
623 642 745 701 illorum
771 643 880 700 llllium
905 643 964 701 Dei
985 642 1230 702 instrumentum
1250 638 1321 699 Pu-

102 747 192 814 tris,
226 747 275 803 vel
311 745 552 814 administren,
589 745 686 806 Potri
713 746 924 818 obedientem,
952 746 1118 826 eidemque
1145 744 1323 818 subiectum

102 860 288 926 nuncupant
310 856 348 923 ¹).
359 884 396 894 -
408 846 626 910 Verumtamen
642 851 727 911 bisce
740 853 815 910 nihil
831 853 911 912 aliud
931 838 1113 928 exipsorum
1123 861 1224 912 mento
1241 869 1323 910 asse·

102 959 211 1028 citur,
249 958 324 1025 nisi,
361 957 484 1026 Tilium,
517 976 534 1015 a
576 960 668 1017 Patre
711 960 860 1036 originem
891 975 926 1017 ac
957 958 1185 1016 subsistentiam
1214 955 1322 1015 baben·

102 1075 196 1132 tem,
222 1065 251 1121 in
275 1065 413 1122 omnibus
436 1064 577 1140 operibus
601 1066 665 1123 suis
689 1067 791 1124 Patris
812 1064 978 1132 uoluntati,
1001 1080 1089 1141 quam
1107 1079 1173 1121 eum
1189 1081 1224 1121 eo
1244 1079 1323 1120 cont·

102 1187 236 1228 munem
254 1169 360 1239 habet,
383 1169 606 1245 perfectissime
629 1187 698 1228 csse
721 1187 897 1230 consonum.

196 1268 227 1334 3.
249 1270 390 1332 Nonnulli
416 1265 549 1343 iterum,
581 1284 612 1333 ut
642 1275 939 1353 Athenagoras
971 1279 1010 1347 ²),
1042 1274 1238 1333 Tatiauus
1270 1269 1317 1354 θ),

102 1378 371 1456 Theophilus
392 1379 579 1441 Antioch.
612 1385 642 1454 ⁴)
672 1399 707 1440 ac
735 1381 1024 1440 Tertullianus
1057 1382 1098 1451 ὅ),
1129 1378 1165 1436 tle
1194 1395 1322 1456 genara-

102 1488 197 1545 ione
220 1485 289 1542 Filii
312 1494 380 1543 ante
403 1485 503 1543 mundi
525 1483 743 1557 conditionem,
765 1488 795 1544 in
818 1496 953 1562 tempore
983 1502 1057 1561 ergo
1089 1485 1168 1543 lacta
1197 1485 1322 1560 loquun-

102 1600 172 1648 tur.
208 1621 251 1632 -
282 1588 422 1646 Attamen
453 1589 510 1648 hoc
538 1591 659 1648 minime
681 1599 807 1648 aeterna
837 1590 907 1648 llilii
932 1591 1091 1667 generatio
1118 1597 1270 1666 negatur,
1293 1597 1323 1647 et

105 1713 177 1774 pse
200 1695 233 1751 in
256 1695 388 1752 classem
411 1712 513 1752 rerum
536 1704 707 1753 creatarum
717 1695 895 1765 detruditur,
907 1712 997 1770 quum
1014 1696 1104 1753 iidem
1119 1695 1227 1752 Patres
1239 1695 1323 1753 illum

102 1818 264 1878 expresse
282 1808 437 1859 aeternum
451 1818 486 1859 ac
503 1802 670 1859 increatum
685 1801 860 1878 praedicent
882 1801 927 1877 6);
949 1800 1002 1858 sed
1019 1799 1048 1857 id
1065 1797 1251 1857 solummodo
1273 1796 1323 1856 stl-

102 1906 268 1972 struitur,
302 1913 372 1963 ante
391 1907 575 1964 creationem
609 1905 710 1964 mundi
747 1903 860 1983 Λόγον,
892 1906 941 1980 qui
971 1904 1007 1963 ab
1042 1911 1165 1962 aeterno
1197 1905 1227 1961 in
1256 1904 1322 1960 Deo

107 2010 293 2084 existebat,
318 2010 459 2069 etiamad
482 2019 571 2071 extra
593 2013 743 2086 prolatum
769 2027 853 2078 esse,
884 2019 917 2068 ut
948 2026 1002 2084 per
1025 2008 1122 2085 ipsum
1144 2009 1196 2067 illa
1217 2008 1323 2075 fieret,

110 2109 215 2192 Λόγον
242 2112 411 2171 ἐνδιάθετον
440 2123 469 2173 et
499 2106 698 2192 npoepopuuir
729 2113 946 2191 distinguendo.
979 2110 1060 2185 Quae
1090 2113 1248 2190 generatio
1272 2131 1322 2171 ex·

115 2228 204 2278 terna
226 2227 328 2294 potest
351 2219 468 2296 quidem
485 2219 575 2294 juxta
597 2221 753 2286 effectum,
776 2198 833 2277 seu·
852 2213 915 2277 κατ’
940 2219 1121 2295 ἐπιφάνειαν,
1145 2236 1203 2276 uon
1223 2226 1322 2277 autem

119 2326 244 2401 reipsa,
270 2342 325 2382 seu
341 2318 404 2382 κατ’
429 2319 576 2402 divitiasque
597 2332 697 2383 mente
715 2324 841 2400 concipi.
863 2326 896 2381 ln
919 2324 977 2384 hoc
992 2343 1067 2402 ergo
1082 2326 1190 2382 Patres
1210 2323 1322 2381 laudati

119 2436 244 2499 mutum,
268 2429 345 2507 quod
362 2428 470 2487 dictam
486 2431 672 2488 nativitatem
681 2439 837 2488 externam
848 2447 953 2488 veram
965 2447 1000 2487 ac
1007 2431 1160 2506 propriam
1178 2428 1318 2497 babeant,

119 2545 163 2594 ast
199 2537 266 2592 sine
305 2534 393 2592 dubio
421 2542 541 2603 errant,
570 2535 817 2611 quemadmodum
841 2543 871 2593 et
892 2535 1207 2604 Tertullianus,
1231 2550 1318 2610 quum

118 2635 245 2699 scribit:
267 2642 358 2698 Haeo
379 2649 430 2699 est
450 2641 602 2699 nativitas
619 2642 765 2718 perfectu
786 2642 974 2718 Sermonis,
997 2640 1071 2699 dum
1092 2657 1136 2700 en
1158 2643 1225 2697 Deo
1243 2654 1322 2714 pro·

118 2745 217 2804 cedit:
238 2745 383 2804 conditos
403 2742 443 2804 ab
463 2762 498 2803 eo
524 2747 662 2822 primm
686 2752 731 2806 ad
755 2747 924 2822 cogitatum
946 2749 982 2808 in
1010 2747 1137 2807 nomino
1169 2743 1321 2821 Sopbioe,

117 2850 274 2910 Hominem
295 2849 433 2910 condidit
457 2868 506 2910 me
532 2851 659 2910 initium
684 2855 806 2911 murum
827 2868 971 2916 sunnon.
1001 2842 1123 2911 Debino
1148 2852 1322 2927 pennatus

117 2955 163 3015 od
180 2959 342 3034 effectura:
364 2974 434 3016 oum
451 2961 587 3036 peraret
604 2955 740 3027 coetum,
763 2956 895 3016 oderam
915 2955 963 3016 iiii
983 2957 1083 3016 simut
1101 2961 1139 3030 2).
1159 2960 1161 2965 ’

200 3055 231 3122 3.
254 3064 300 3120 lta
322 3080 436 3139 quoque
462 3070 546 3121 certo
580 3061 794 3120 erravit'idem
816 3061 1130 3135 Tertullianus,
1154 3078 1242 3139 quum
1266 3060 1322 3119 ait:

117 3170 213 3226 Peter
228 3169 483 3227 totaoubotontio
498 3176 563 3227 est:
586 3164 693 3227 Filius
712 3183 787 3226 nero
801 3164 1061 3228 dertoomtotius
1081 3172 1238 3247 etportto,
1260 3165 1319 3224 oio·
1372 3154 1374 3158 ’

118 3280 153 3331 nt
173 3276 243 3347 ipse
274 3258 459 3352 profitetur:
494 3274 597 3353 »φαίη
627 3277 724 3334 Potes·
753 3271 858 3347 major
885 3289 935 3331 me
957 3271 1028 3333 νει(ι
1057 3278 1095 3347 ⁸).
1126 3276 1167 3332 Et
1205 3272 1320 3349 pariter

118 3378 235 3455 qnando
281 3388 382 3456 negat,
413 3380 523 3439 Filium
562 3381 741 3439 immensum
789 3395 857 3437 esse
900 3395 934 3438 ac
980 3379 1180 3448 invisibilem,
1208 3376 1323 3454 hasque

117 3486 319 3562 proprietates
343 3487 402 3544 soli
431 3487 515 3544 Patri
540 3486 665 3564 tribuit,
697 3502 763 3543 cum
794 3485 950 3546 alutam
976 3502 1051 3559 erpo
1065 3482 1152 3542 obus
1168 3482 1245 3553 erit,
1268 3481 1322 3561 qui

119 3589 302 3660 videbatur,
324 3595 401 3667 puio
418 3609 483 3650 non
495 3595 599 3667 potest
616 3592 700 3650 idem
715 3589 882 3649 invisibilis
898 3590 1041 3667 deliniri,
1065 3589 1119 3668 qui
1144 3585 1322 3654 videbatur,

119 3702 149 3754 et
166 3710 367 3774 consequeus
381 3697 455 3766 erit,
477 3701 514 3755 ut
523 3696 712 3756 invisibilem
728 3693 858 3755 Putrem
881 3693 1116 3770 inteliipumao,
1144 3709 1204 3770 pro
1224 3689 1323 3769 pleni·

154 3950 176 4008 ¹)
196 3947 239 4000 01.
258 3948 277 3997 J
283 3947 398 3999 ustin.
416 3950 456 3998 M.
477 3951 552 3998 Diui.
571 3963 597 3998 c.
618 3950 710 4007 Trpnb.
729 3965 755 4000 u.
774 3951 821 3999 or.
841 3963 865 4014 p.
887 3947 944 3999 tos.
963 3964 990 3999 n.
1010 3946 1323 4012 226.p.132.u.·127.

119 4047 147 4099 p.
166 4038 226 4088 233.
243 4063 268 4072 -
296 4037 388 4088 loen.
408 4040 484 4089 Ceret.
502 4043 578 4090 teter.
597 4041 616 4090 t.
634 4042 665 4089 4.
684 4055 709 4088 c.
729 4041 757 4089 1.
778 4054 803 4088 u.
821 4042 849 4090 4.
869 4050 896 4103 p.
915 4038 974 4088 236.

152 4119 175 4189 ²)
193 4125 213 4175 l.
233 4139 257 4174 s.
278 4138 303 4176 o.

153 4211 176 4281 ³)
195 4215 217 4266 l.
235 4229 261 4267 s.
279 4228 305 4266 c.

152 4301 304 4368 niso

152 4389 362 4458 ⁵)Ado.1’rua.
381 4409 408 4443 a.
427 4396 456 4444 5.
475 4392 544 4458 Opp.
562 4393 598 4445 V.
616 4396 642 4446 2.
661 4408 688 4458 p.
706 4395 755 4445 107
775 4409 801 4448 s.
821 4399 876 4446 ete.

149 4477 175 4548 ⁶)
194 4482 283 4535 0111.
302 4483 364 4547 ipsa
382 4495 423 4534 oo.

150 4571 175 4635 ⁷)
192 4577 259 4624 Ado.
278 4576 363 4623 Pras.
382 4588 408 4623 n.
430 4576 454 4621 7.
475 4571 546 4637 Opp.
564 4573 598 4623 V.
615 4574 639 4622 2.
659 4587 685 4638 p.
704 4574 764 4627 toa.

148 4656 275 4728 8)1ῠ.νι.
296 4664 322 4712 9.
341 4674 368 4729 p.
387 4660 447 4713 illl.
466 4660 508 4717 Cf.
527 4678 555 4714 n·
574 4667 623 4715 14.
644 4676 672 4731 p.
691 4664 751 4716 1118.
