2926 5168
174 205 237 273 ise

174 362 224 437 qui
243 361 362 435 plenam
377 357 521 426 audendi,
544 357 759 434 perficiendive
772 357 915 433 quidlibet
933 359 963 417 in
991 360 1186 420 daemonibus
1212 360 1389 418 facultatem

173 442 358 542 agnoscunt,
381 473 432 522 aut
449 464 547 523 omnis
562 464 687 540 generis
706 465 845 533 morbos,
868 465 976 541 quibos
992 465 1168 523 mortalium
1190 482 1290 542 genus
1320 482 1390 523 con·

172 571 322 651 dictatur,
359 569 476 628 diabolo
523 568 714 639 adscribunt,
756 570 843 646 quive
881 580 1002 647 putant,
1040 589 1165 648 magos,
1204 581 1257 629 aut
1299 591 1392 648 sagas

175 677 296 736 edicere
336 692 447 752 posse,
477 673 672 752 quodcunque
698 675 819 743 lubeat,
847 692 902 750 ope
939 675 1097 735 diabolica.
1127 680 1272 737 Putamus
1311 677 1391 733 enim

174 783 294 850 omnio,
317 780 602 857 quaerenditantur
633 780 668 838 de
692 781 812 857 magia,
839 799 893 838 seu
920 790 989 841 arte
1022 781 1197 856 perficiendi
1211 783 1291 839 mira
1334 797 1393 857 ope

173 887 348 955 daemonis,
388 885 571 961 nocendique
616 884 786 943 bominibus
831 886 928 943 variis
955 885 1074 955 modis,
1125 905 1182 963 quo
1205 895 1392 945 revocantur

174 992 380 1069 praestigiae,
413 991 652 1059 incantationes,
696 991 928 1062 fascinationes,
969 1002 1059 1068 pacta
1096 1010 1130 1050 ac
1176 992 1391 1050 commercium

175 1116 241 1155 cum
275 1096 438 1166 daemone,
471 1096 685 1154 commentIcia
722 1113 809 1162 esse;
848 1099 987 1173 quamvis
1021 1099 1128 1174 negari
1172 1115 1230 1154 non
1275 1097 1392 1172 possit,

132 1191 134 1195 ⁷
174 1203 248 1261 talia
274 1202 311 1259 ab
340 1201 513 1259 bominibus
544 1209 673 1268 tentata,
711 1209 741 1258 et
773 1196 891 1260 scelera
926 1202 1073 1278 nefanda,
1110 1201 1251 1261 adhibitis
1285 1201 1392 1259 mediis

175 1308 385 1385 naturalibus,
411 1323 479 1364 esse
502 1307 676 1364 commissa.
705 1309 739 1363 In
775 1307 809 1364 S.
833 1308 1001 1383 vScriptura
1039 1307 1158 1385 quidem
1196 1309 1283 1384 leges
1320 1323 1391 1364 con·

175 1422 223 1471 tra
238 1413 370 1489 magiam
389 1413 469 1470 latae
487 1411 769 1489 deprehenduntur,
791 1432 867 1490 quae
889 1422 996 1487 tamen·
1015 1415 1104 1473 etiem
1133 1420 1238 1470 contra
1261 1420 1392 1470 attenta·

175 1519 287 1577 tionem
305 1519 403 1575 solam
422 1517 540 1594 magiae
559 1517 595 1575 ad
612 1518 811 1576 imitationem
828 1518 1056 1599 idololatrarum
1076 1527 1209 1576 statutae
1231 1535 1302 1575 esse
1322 1535 1392 1591 pos·

176 1631 255 1682 sunt.
275 1625 310 1680 -In
331 1622 502 1679 Ritualibus
525 1630 625 1680 autem
653 1622 771 1700 quidem
792 1625 879 1682 multi
904 1630 1069 1684 occurrunt
1093 1624 1257 1682 exorcismi
1282 1632 1388 1680 contra

174 1727 389 1786 infestationes
412 1726 599 1798 diabolicas,
628 1729 728 1785 nullus
756 1737 855 1786 tamen
882 1725 1023 1806 proprius
1045 1728 1172 1787 babetur
1200 1736 1308 1786 contra
1327 1745 1390 1783 ma-

173 1834 273 1909 giam3
302 1831 404 1889 bullae
431 1831 604 1908 pontificiae
631 1850 705 1891 vero
732 1852 844 1910 poenas
871 1834 1085 1902 credentibus,
1115 1841 1145 1890 et
1172 1832 1392 1908 profitentibus

174 1938 305 2014 magiam
322 1937 471 1995 dictitant.
491 1937 613 1995 Primus
640 1937 690 2012 qui
710 1953 875 2012 processus
906 1946 1011 1996 eontra
1034 1955 1137 2014 sagas,
1160 1936 1388 2011 frequentiores

172 2043 252 2100 inter
274 2041 504 2111 Protestantes,
536 2060 625 2118 quiam
650 2040 842 2110 catholicos,
869 2042 1073 2119 impugnavit,
1101 2050 1166 2100 crat
1200 2040 1388 2098 lt'rideri·

173 2164 240 2204 cus
260 2146 357 2222 Spee
381 2167 396 2205 e
425 2147 580 2205 Societate
595 2147 689 2215 Jesu,
707 2147 757 2222 qui
775 2148 917 2216 affirmat,
941 2149 1030 2206 inter·
1050 2157 1170 2207 centum
1183 2146 1231 2203 'ob
1254 2146 1388 2220 magiam

176 2251 352 2319 damnatos,
371 2269 497 2328 qnorum
514 2260 625 2309 statum
643 2252 755 2328 optime
770 2262 990 2329 perspexerat,
1011 2262 1127 2312 tantum
1143 2253 1217 2310 duos
1232 2245 1387 2327 probabili

173 2354 284 2430 judicio
303 2365 462 2432 suspectos
480 2357 637 2416 exstitisse
653 2361 692 2434 1).

170 2498 418 2518 -ι--ιῃ

210 2557 230 2626 ¹)
248 2561 279 2610 ln
296 2573 404 2625 opere:
421 2563 518 2612 Cautio
537 2563 690 2612 criminatis
707 2563 784 2612 circo
796 2576 938 2620 processus
954 2571 1047 2613 ceretro
1063 2578 1152 2621 saeos.

648 2833 694 2898 o.
718 2788 767 2899 n.
792 2832 842 2898 n.
865 2829 914 2898 (s.
