2926 5168
98 260 105 301 :
119 207 183 279 361

99 379 183 453 ¹que
203 358 273 434 lex,
297 378 378 445 quae
407 359 536 428 nonnisi
567 361 653 427 illius
683 363 928 449 phaenomeuon
952 374 1123 428 externum
1149 375 1234 430 sunt.
1256 368 1327 428 Pro·

96 471 100 498 ³
121 475 235 550 pterea
257 475 363 530 autem
387 465 516 530 minime
539 466 613 532 idea
634 467 742 532 mundi
763 467 835 531 idea
855 467 957 554 ipsius
979 466 1043 532 Dei
1064 479 1125 544 est,
1149 479 1184 532 et
1206 467 1328 553 quidem

122 579 189 634 tam
210 590 336 655 parum,
360 592 452 658 mam
476 593 590 658 parum
612 571 704 636 Deus
726 573 861 636 muudus
882 571 954 657 ipse
982 593 1058 638 esse
1085 583 1208 658 potest
1240 554 1329 639 Unde

122 673 152 738 si
174 674 267 740 Deus
288 675 360 741 idea
382 677 490 742 mundi
514 676 650 751 dicitur,
682 677 715 740 id
738 678 938 742 solummodo
961 674 1142 764 significat,
1158 677 1330 742 Deumiu

124 800 160 844 se
181 779 288 846 ideam
309 782 417 846 mundi
439 783 581 864 habere,
614 781 730 868 inqua
754 782 882 868 quidem
910 773 1044 848 aeterna
1076 782 1147 868 ipse
1180 783 1331 847 mundum

126 895 233 950 tamen
262 897 412 973 tanquam
442 909 505 952 non
538 899 706 952 aeternum
731 887 891 963 intuetur,
923 887 1053 952 minime
1075 897 1184 951 autem
1217 906 1331 951 revera

124 996 227 1078 lpaam
242 992 350 1057 mundi
365 992 472 1057 ideam
492 993 645 1058 existere.
659 993 764 1058 Porro
787 994 924 1058 mundus
946 992 1074 1079 quidem
1094 993 1136 1056 ad
1157 990 1330 1056 similitudi·

124 1116 202 1165 ueut
215 1094 279 1161 Dei
301 1107 433 1161 creatus
456 1110 524 1174 est,
547 1111 706 1186 quatenus
728 1098 881 1164 attributa
905 1098 1013 1162 divina
1040 1096 1330 1183 perfectissimam

126 1223 167 1268 eo
191 1203 418 1288 resplendent,
447 1216 480 1268 et
510 1205 680 1318 manifepte
708 1203 968 1291 conspiciuntur;
991 1223 1064 1269 cum
1090 1203 1184 1267 Dens
1207 1201 1331 1267 nonnisi

126 1307 320 1395 perfectioni
337 1329 414 1373 suae
441 1308 585 1376 intimae
605 1309 836 1377 convenienter
858 1309 898 1375 ad
916 1320 1011 1374 extra
1024 1328 1127 1396 agere
1144 1319 1254 1394 queat.
1277 1307 1332 1371 Ast

126 1414 189 1479 hoc
213 1435 277 1478 non
302 1412 452 1479 obstante
475 1416 615 1481 mundus
636 1415 747 1481 alteo
773 1436 834 1480 sua
865 1415 1009 1481 mentia
1032 1413 1161 1495 differt,
1184 1424 1283 1498 atque
1309 1410 1333 1476 ei

127 1518 306 1605 oppositus,
327 1538 410 1582 non·
425 1518 516 1584 Deus
537 1532 598 1597 est,
621 1520 665 1585 ita
680 1531 715 1585 nt
728 1520 821 1585 Deus
835 1540 1037 1607 nequaqnam
1051 1538 1132 1584 vere
1150 1536 1192 1582 ac
1208 1516 1334 1602 propria

127 1625 235 1690 muudi
260 1621 467 1708 πρωτότυπον,
499 1628 558 1692 sed
584 1626 713 1693 nonnisi
735 1625 911 1713 improprie
936 1623 999 1690 dici
1024 1622 1150 1709 possit,
1181 1609 1332 1709 quatenu·

128 1730 254 1797 scilicet
275 1749 367 1794 suam
386 1730 561 1797 bonitatem
587 1750 659 1796 cum
682 1730 753 1807 illo,
784 1742 893 1816 utpote
916 1729 1023 1805 finito,
1053 1727 1142 1795 finite
1167 1724 1332 1793 communi·

129 1833 224 1899 cavit.

212 1939 362 2004 Tandem
380 1959 476 2025 quum
495 1939 568 2005 idea
584 1939 691 2003 muudi
714 1941 755 2004 ad
773 1938 990 2028 cognitionem
1008 1938 1072 2003 Dei
1092 1935 1252 2003 infinitam
1270 1955 1332 2021 per·

128 2028 245 2121 tinent,
268 2056 363 2132 atque
381 2043 523 2133 cognitio
550 2045 677 2120 divina,
698 2066 758 2130 pro
781 2044 905 2110 infinita
928 2065 987 2109 sna
1008 2041 1210 2129 perfectione
1236 2040 1332 2107 subsi-

130 2161 231 2224 stens,
253 2148 317 2214 Dei
332 2148 444 2225 Filius,
467 2171 526 2215 seu
543 2147 645 2234 Λόγος
659 2149 718 2214 sit:
740 2161 831 2215 recte
849 2149 950 2214 Filius
973 2159 1122 2234 tanquam
1136 2167 1240 2213 verus
1257 2147 1334 2231 baju-

129 2255 179 2319 lus
200 2255 292 2319 ideae
310 2255 419 2321 mundi
437 2254 616 2343 cogitatur,
639 2266 734 2341 atque
749 2257 825 2340 jure
843 2254 993 2320 statuitur
1041 2253 1074 2319 in
1098 2254 1172 2340 ipso
1189 2253 1333 2317 mundum

130 2359 401 2446 praeexstitisse,
436 2372 470 2425 et
506 2381 565 2447 por
596 2362 702 2447 ipsum
727 2360 759 2426 in
794 2360 919 2446 Spiritu
946 2361 1003 2436 8.,
1035 2371 1186 2445 tanquam
1221 2352 1335 2442 βούληαι

132 2465 247 2540 diviua,
268 2466 391 2552 pariter
411 2487 470 2552 per
491 2487 529 2530 se
552 2466 735 2543 existente,
758 2465 848 2531 Patri
866 2477 900 2530 et
922 2464 1004 2530 Filio
1031 2463 1210 2540 communi,
1235 2461 1334 2529 condi·

130 2582 301 2635 tumesco.
332 2572 416 2648 Quia
444 2576 488 2634 in
517 2577 611 2654 ipso
640 2575 788 2645 Verbo,
821 2569 865 2635 ait
885 2569 1175 2657 Augustinus,
1204 2571 1334 2633 amata

132 2696 256 2755 opera
277 2679 357 2739 Dei.
383 2676 545 2759 Quidquid
557 2681 642 2740 euim
657 2681 815 2759 facturus
830 2683 904 2738 erut
916 2679 1007 2741 Deus
1026 2681 1061 2740 iu
1077 2683 1248 2750 creatura,
1274 2679 1334 2755 iau

131 2783 172 2842 iu
199 2782 329 2843 Verbo
350 2788 464 2862 erat;
485 2802 544 2844 neo
561 2785 693 2843 oscetin
710 2782 816 2852 rebus,
837 2783 903 2842 uisi
920 2787 1006 2842 esset
1025 2786 1066 2842 a‘u
1092 2781 1240 2842 Verbo:
1262 2797 1332 2862 puo-

132 2886 222 2946 modo
240 2891 273 2946 et
289 2892 323 2946 a'n
347 2893 378 2947 te
396 2905 461 2948 uon
483 2893 571 2948 esset
587 2887 736 2965 fabrica,
767 2887 833 2947 uici
855 2891 942 2947 esset
962 2889 998 2947 io
1023 2886 1156 2948 canutio
1185 2881 1237 2972 ¹).
1260 2881 1332 2947 Hinc

134 2988 231 3053 etiam
248 2987 415 3072 Sapientia
430 2988 547 3065 divina,
570 3008 629 3053 seu
649 2986 767 3072 Λόγος,
790 2999 946 3075 quatenus
963 2987 1091 3054 scilicet
1104 3008 1217 3053 rorum
1233 3007 1331 3054 creau-

134 3094 247 3159 darum
272 3113 371 3158 causa
401 3093 598 3180 exemplaris
630 3106 662 3159 et
690 3093 834 3182 dirigens
861 3104 932 3174 est,
968 3100 1142 3159 omnium
1177 3097 1331 3173 ortissu

135 3198 363 3284 adpellatur2).
1159 3185 1161 3189 ’

218 3301 376 3383 Quoniam
389 3312 495 3368 tamen
510 3303 584 3369 idea
597 3303 716 3378 mundi,
730 3302 775 3368 uti
784 3301 888 3367 omnis
906 3300 1050 3388 cognitio
1069 3301 1187 3377 divina,
1216 3299 1329 3367 aPatre

137 3407 295 3497 originem
312 3408 427 3482 habet,
451 3421 484 3473 et
505 3408 578 3496 quia
594 3407 639 3471 uti
659 3412 757 3470 Pater
780 3405 971 3492 principium
989 3417 1042 3470 est
1058 3403 1256 3490 reliquarum
1272 3421 1327 3488 per·

136 3533 289 3579 sonarum
312 3510 506 3590 divinarum,
527 3513 573 3578 ita
596 3532 721 3599 quoque
743 3511 866 3577 creatio
893 3511 1016 3576 initium
1042 3530 1080 3575 ac
1104 3508 1326 3574 fundamentum

136 3617 371 3705 quodammodo
390 3617 587 3705 reliquorum
603 3638 740 3703 operum
763 3615 958 3683 divinorum:
982 3613 1122 3691 creatio,
1150 3613 1229 3681 licet
1248 3611 1326 3680 etiau

136 3723 239 3808 Filio,
270 3744 414 3790 necnon
437 3723 573 3810 Spiritui
593 3724 628 3788 S.
652 3721 870 3798 adscribatur,
899 3731 1007 3786 mmen
1025 3741 1085 3805 per
1109 3716 1325 3806 appropriatio·

139 3850 223 3907 nem,
245 3841 281 3896 ut
301 3831 399 3916 ajunt,
422 3829 513 3896 Patri
542 3829 739 3898 attribuitur.

136 3981 387 4004 Q

172 4050 195 4118 ¹)
213 4050 311 4105 Enorr.
330 4056 360 4105 t'u
376 4044 1086 4115 1141161111.111181616111.
1107 4041 1213 4098 Alex.
1239 4041 1322 4096 court

140 4141 177 4194 ad
192 4143 265 4204 pent.
284 4159 311 4196 a.
332 4143 360 4196 1.
379 4131 449 4208 011.
468 4135 499 4191 Τ.
521 4140 544 4193 1.
563 4149 589 4205 p.
606 4138 633 4193 6.
1101 4134 1104 4139 ’
1217 4134 1241 4155 “·

173 4224 198 4294 ²)
217 4232 283 4298 Sap.
301 4236 326 4294 1,
344 4234 386 4282 21.
404 4231 448 4284 ct.
466 4231 548 4281 Joan.
568 4232 592 4289 1,
610 4231 636 4281 3.
657 4231 699 4280 16.
717 4225 775 4278 col.
794 4226 819 4287 1,
849 4227 889 4275 16.
916 4223 1004 4276 Hebr.
1030 4226 1061 4285 1,
1087 4224 1115 4277 2.
1139 4247 1177 4260 -
1201 4216 1320 4275 Justtu

141 4322 248 4374 votort.
265 4325 303 4373 uu
321 4325 418 4375 Graec.
436 4337 462 4373 u.
482 4324 532 4373 16.
550 4316 621 4384 011.
639 4331 666 4386 1.
691 4318 733 4368 ta.
757 4342 790 4352 -
815 4313 957 4366 Tatiau.
988 4315 1032 4365 Or.
1057 4321 1128 4366 cont.
1156 4306 1319 4367 urucam·

141 4408 225 4477 1111.
243 4413 303 4464 262.
321 4437 355 4447 -
372 4411 469 4463 tren.
488 4411 565 4462 cont.
584 4413 660 4459 taer.
678 4408 698 4458 t.
718 4409 746 4458 6.
766 4418 791 4459 c.
810 4406 857 4455 18.
875 4421 900 4456 a.
920 4404 1004 4455 2-3.
1027 4416 1055 4468 p.
1073 4403 1133 4456 316.
1161 4406 1181 4454 1.
1200 4408 1228 4455 6.
1243 4416 1266 4454 c.
1287 4394 1320 4447 tt·

104 4492 106 4498 ’
141 4513 168 4550 a.
195 4502 268 4564 6.1.
286 4500 345 4550 361.
364 4503 383 4550 t.
402 4502 429 4549 6.
447 4514 470 4548 o.
490 4498 540 4548 24.
558 4498 634 4550 aa.
652 4508 680 4560 1.
698 4491 758 4545 322.
784 4516 818 4553 -,
844 4489 1148 4556 (trigentasoau.
1167 4500 1185 4544 t.
1204 4483 1321 4545 nott·

143 4585 212 4656 011.
229 4587 261 4641 ⁹1⁴.
278 4592 305 4644 t.
322 4602 350 4656 p.
367 4591 411 4642 20.
424 4612 458 4627 -
475 4587 648 4640 Athenas.
667 4586 711 4638 or.
730 4589 801 4636 eost.
826 4589 897 4644 aest.
923 4597 951 4636 n.
975 4585 1007 4636 1.
1032 4579 1105 4648 011.
1122 4578 1157 4637 Τ.
1176 4574 1322 4648 tapam
