2926 5168
1267 222 1329 289 m

123 366 259 435 deberet
279 364 368 454 prius
391 365 524 444 mutari,
547 376 715 454 antequam
738 376 935 447 mutaretur,
963 371 1049 456 quod
1071 381 1122 437 est
1142 373 1326 437 absurdum.

123 513 163 523 —
186 475 309 540 Verum
332 497 395 541 non
418 487 540 540 tanturn
570 477 674 560 quoad
703 475 915 540 substantiam
936 476 1029 540 Deus
1048 478 1215 544 mutationi
1252 476 1329 542 nulli

122 593 176 645 est
196 580 375 657 obnoxius,
398 581 458 645 sed
486 591 519 645 et
534 582 637 666 quoad
668 579 836 646 scientiam
862 591 957 667 atque
983 584 1156 650 voluntatis
1186 586 1329 658 decreta,

122 707 220 772 quum

206 794 236 859 b.
259 793 301 858 sit
325 792 601 880 perfectissimus,
633 814 694 877 quo
721 791 798 856 nihil
825 792 940 858 meiius
967 793 1036 859 dari
1062 807 1118 860 aut
1146 792 1329 881 excogitari

121 899 235 983 possit.
258 899 373 964 Omnis
404 899 519 985 quippe
546 898 679 962 mutatio
712 897 988 982 imperfectionem
1010 899 1162 972 involvit;
1194 916 1329 983 namque

121 1004 159 1069 fit
180 1005 233 1069 vel
253 1003 440 1078 inmelius,
463 1009 516 1067 vel
538 1003 570 1066 in
594 1004 697 1086 pejus,
725 1005 777 1067 vei
798 1003 830 1066 in
858 1006 1000 1090 aequale.
1032 1012 1066 1069 ln
1099 1006 1215 1071 melius
1237 1005 1330 1068 Deus

121 1108 240 1172 mutari
261 1130 324 1172 non
347 1120 468 1195 potest,
492 1107 649 1193 quianon
673 1118 764 1172 esset
785 1108 924 1191 optimus
932 1133 941 1181 3
971 1109 1088 1173 nonin
1112 1111 1223 1194 pejus,
1257 1107 1330 1193 quia

121 1213 286 1278 desineret
308 1234 383 1278 esse
405 1213 680 1300 perfectissimus3
703 1213 817 1276 nonin
841 1216 984 1299 aequale,
1007 1215 1080 1299 quia
1102 1213 1227 1278 infinito
1251 1212 1329 1276 nihii

120 1321 314 1403 perdatur,
345 1330 377 1383 et
398 1319 531 1404 insuper
554 1329 619 1382 tam
640 1317 870 1383 incrementum
902 1321 1200 1394 et,decreme11tu1n
1225 1319 1331 1403 quoad

121 1425 328 1500 intellectum,
351 1445 445 1510 quam
468 1425 682 1489 inconstantia
704 1426 809 1508 quoad
832 1426 1031 1490 voluntatem
1052 1424 1329 1510 imperfectionem

119 1530 290 1595 manifeste
313 1530 430 1617 arguit.
741 1520 748 1537 ⁹

206 1635 291 1701 Hinc
312 1636 343 1700 in
366 1637 439 1700 Deo
461 1635 639 1701 immutatio
662 1645 713 1700 est
735 1636 862 1700 omnino
884 1635 1116 1721 impossibilis,
1147 1647 1181 1700 et
1203 1633 1330 1722 quidem

121 1741 228 1826 quoad
247 1742 457 1806 substantiam
487 1753 520 1805 et
549 1740 767 1828 cognitionem
790 1742 931 1807 divinam
953 1743 1102 1805 absoluta
1123 1740 1329 1826 impossibilis

120 1858 187 1910 tate
210 1846 355 1930 physica,
379 1857 412 1910 et
433 1849 537 1932 quoad
560 1849 691 1912 decreta
714 1848 862 1912 absoluta
884 1847 1143 1933 impossibilitate
1165 1846 1287 1911 morali.

207 1951 244 2014 Si
265 1972 345 2016 vero
367 1951 457 2016 Deus
480 1954 584 2038 quoad
617 1975 709 2017 suam
739 1953 954 2018 substantiam
977 1950 1093 2016 mutari
1117 1973 1253 2035 prorsus
1275 1972 1331 2015 ne·

121 2057 205 2142 quit:
230 2078 269 2121 eo
291 2057 397 2122 minus
419 2056 582 2142 corrumpi
604 2068 659 2121 aut
680 2057 789 2141 perire
811 2067 938 2140 potest,
961 2076 1020 2119 seu
1040 2055 1151 2129 Deus,
1185 2055 1258 2139 quia
1280 2067 1331 2118 est

121 2164 271 2227 absolute
293 2160 518 2238 immutabilis,
551 2173 601 2226 est
633 2182 757 2246 quoque
787 2162 932 2225 absolute
954 2159 1331 2245 incorruptibilis.

122 2268 215 2332 Unde
255 2279 289 2333 et
327 2269 359 2332 in
392 2269 453 2333 SS.
484 2267 619 2333 Litteris
651 2286 808 2351 expresse
848 2258 1008 2348 ἄφθαρτος
1036 2262 1111 2336 θεὸς
1144 2264 1260 2330 dicitur
1292 2273 1331 2341 ¹),

121 2383 218 2457 atque
240 2375 361 2457 bouum,
385 2383 418 2437 et
435 2373 523 2437 solers
540 2381 665 2453 potens,
687 2373 763 2433 Rea
783 2392 911 2450 repunt,
934 2385 967 2435 et
991 2374 1150 2434 Dominus
1169 2374 1330 2434 dominan-

120 2481 220 2541 tium:
243 2484 345 2559 quia
367 2480 483 2542 eolus
504 2480 629 2541 babet
655 2479 1027 2559 immortalitatem,
1057 2476 1262 2556 praedicatur
1290 2484 1331 2551 ²),

121 2593 282 2668 quatenus
310 2583 434 2649 scilicet
463 2604 521 2667 per
550 2603 587 2645 se
609 2602 648 2645 ao
678 2580 867 2646 necessario
898 2580 1088 2645 immortalis
1122 2592 1194 2659 est,
1227 2593 1260 2645 et
1292 2582 1332 2646 ab

120 2689 195 2772 ipso
217 2688 287 2752 solo
312 2688 398 2752 entia
419 2685 507 2751 [inita
527 2687 800 2751 immortalitatem
822 2687 1057 2752 nanciscuntur.
1080 2688 1185 2772 Atque
1202 2687 1333 2768 Cyrit-

120 2794 188 2857 lus
210 2793 328 2857 Alex.
351 2791 465 2877 inquit:
487 2794 576 2854 Deus
591 2798 645 2874 qui
665 2805 770 2856 merite
793 2797 877 2856 orum‘
896 2799 1046 2874 superior·
1067 2805 1131 2867 est,
1150 2816 1171 2856 u
1186 2815 1330 2872 pertera-

119 2904 208 2961 tione
231 2905 263 2960 et
281 2902 558 2976 corruptione
579 2901 860 2960 substantiam
882 2908 1092 2962 eoeemtum
1114 2921 1162 2962 uo
1183 2906 1331 2962 raten-

119 3008 265 3067 tiorem
284 3006 455 3076 boberto,
478 3006 648 3065 mutatione
669 3009 763 3065 etiam
780 3008 865 3066 ononi
876 3006 1094 3082 praestantior
1116 3011 1167 3066 eet
1181 3006 1224 3083 ³).
1247 3003 1331 3067 Am·

123 3107 313 3171 brosius:
336 3108 411 3170 Nou
431 3110 514 3169 enim
530 3110 680 3170 diuiditur
700 3112 820 3187 unitos,
841 3129 901 3170 uec
922 3111 1099 3187 reinduar,-
1119 3116 1152 3170 et
1169 3111 1239 3170 ideo
1260 3130 1333 3172 uer

121 3217 394 3293 corruptelae
413 3213 623 3284 subditur,
650 3233 725 3274 roeo
746 3218 882 3276 aetati
905 3215 947 3292 ⁴).
978 3211 1259 3278 Novatianus:
1291 3221 1334 3277 Et

119 3325 194 3382 ideo
215 3323 292 3401 quio
313 3338 411 3381 uuum
433 3315 603 3399 (simplex)
627 3325 685 3391 eet,
708 3321 889 3380 dissolui
909 3340 986 3381 nou
1004 3327 1142 3399 potest
1161 3328 1199 3396 ὓ).

209 3425 372 3485 0bserv.
395 3421 422 3484 1.
444 3427 682 3484 lmmutabilitati
709 3444 768 3484 non
783 3427 923 3495 obstant,
955 3436 987 3485 ut
1006 3427 1183 3507 quibusdam
1200 3427 1332 3504 antiquis

121 3533 289 3592 haereticis
308 3535 337 3603 6)
354 3532 453 3589 visum
471 3539 528 3598 est,
552 3539 582 3589 et
601 3533 823 3591 recentioribus
840 3527 1027 3591 Pantheistis
1046 3533 1136 3590 etiam
1157 3550 1235 3591 stunc
1251 3532 1331 3590 vide·

122 3649 184 3708 tur,
207 3655 302 3717 neque
321 3637 435 3697 creatio
453 3635 565 3708 mundi,
589 3654 683 3713 neque
702 3639 847 3697 revelatio
864 3638 1123 3714 supernaturalis,
1148 3654 1244 3714 neque
1267 3639 1332 3712 ipsa

118 3809 366 3825 0*

160 3869 183 3936 ι)
200 3867 281 3923 Rom.
302 3873 327 3933 1,
344 3868 388 3922 23.

153 3956 180 4027 ²)
201 3964 223 4012 1.
243 3960 313 4012 Tim.
331 3963 356 4025 o,
376 3960 485 4012 15-16.

152 4046 180 4112 ⁸)
199 4053 278 4104 Curet.
294 4053 400 4103 Nestor.
418 4055 437 4102 l.
458 4055 487 4102 1.
505 4049 575 4115 0pp.
593 4047 626 4101 Τ.
643 4050 670 4101 6.
688 4046 720 4099 P.
740 4050 765 4100 1.
783 4063 810 4114 p.
827 4049 854 4100 11,
871 4049 907 4101 li.

152 4138 181 4202 10)
200 4143 242 4191 oe
258 4143 304 4197 ru.
323 4140 343 4190 1.
363 4142 391 4188 1.
410 4154 436 4190 e.
457 4142 484 4188 r.
503 4155 531 4191 n.
551 4143 599 4191 11.
618 4137 690 4202 opp.
709 4138 744 4190 Τ.
760 4137 786 4189 2.
806 4151 831 4189 c.
850 4139 909 4188 uuo.

152 4223 395 4293 ⁵)Dei'riait.c.
415 4228 492 4277 6.1n
512 4225 774 4280 (satiabuntur.
794 4228 901 4279 Prt'r.
921 4230 946 4276 3.
968 4242 995 4293 p.
1015 4228 1075 4279 291.
1096 4241 1120 4280 e.
1138 4231 1165 4282 2.
1183 4230 1215 4280 B.

151 4311 178 4384 ⁶)
197 4315 450 4378 eucratius.
469 4322 510 4369 ne
528 4320 558 4368 s.
577 4320 671 4369 uranu.
690 4321 766 4368 ntur.
785 4321 814 4368 2.
830 4315 901 4382 opp.
921 4317 955 4368 n.
977 4318 999 4366 1.
1017 4317 1049 4367 Ρ.
1070 4318 1092 4367 1.
1113 4332 1139 4382 p.
1158 4319 1334 4372 15343-

121 4409 214 4459 char.
232 4403 404 4467 Mitylen.
428 4409 470 4457 De
493 4412 584 4460 uerrunt.
612 4410 677 4465 opis.
696 4408 728 4457 1n
747 4405 924 4457 Galland.
944 4410 1015 4458 Biot.
1034 4410 1091 4458 ΡΡ.
1117 4408 1151 4459 Τ.
1172 4408 1213 4459 11.
1232 4421 1257 4472 p.
1275 4409 1334 4473 270,

121 4497 151 4553 b.
170 4499 234 4548 271.
251 4494 503 4548 B.-Tertuli.
522 4500 801 4573 Adulterruouoa.
815 4497 886 4562 0pp.
900 4495 931 4550 V.
946 4496 1334 4561 i.p.350.-Augustin.

121 4591 158 4642 De
178 4589 234 4641 oto.
252 4589 286 4639 D.
304 4591 325 4638 1.
343 4587 392 4638 12.
411 4600 436 4640 r.
458 4589 505 4637 17.
527 4580 598 4651 0pr
619 4587 653 4640 T.
673 4589 699 4639 7.
719 4600 744 4639 c.
764 4587 814 4636 315
832 4599 859 4638 s.

1117 4680 1138 4741 9
