2926 5168
214 123 240 168 e.
261 106 458 167 Discernitur
494 104 525 163 in
548 105 763 164 scientiam
785 105 987 183 simplicis
1009 108 1341 190 intelligentiae,

127 213 344 274 seientiam
365 210 567 283 visionis,
590 220 621 271 et
641 212 865 271 seien'tiem
887 213 1065 274 mediam.
1088 216 1223 277 Seieutia
1255 221 1342 278 sim·

126 319 260 396 plicis
280 316 614 394 intelligentiae
636 324 684 376 est
708 335 762 386 ea,
785 335 861 393 quae
875 327 1019 377 versatur
1042 322 1072 379 in
1095 324 1187 381 rebus
1209 329 1341 400 possibi-

130 425 235 494 libus,
257 433 377 484 semota
398 424 479 482 omni
500 422 605 482 futura
621 440 726 481 earum
745 422 926 492 existentia,
950 442 1004 483 nec
1034 443 1093 485 non
1119 428 1148 487 in
1176 432 1235 501 iis,
1267 452 1344 510 quae

131 529 204 589 data
233 523 406 589 conditione
434 529 612 588 necessario
641 529 779 587 existere
810 545 864 586 seu
887 530 1009 588 evenire
1047 532 1172 604 debent;
1214 541 1343 598 scientia

129 635 341 706 visionis,
373 652 449 712 quae
489 641 632 693 versatur
671 633 702 690 in
739 633 831 692 rebus
862 633 1084 708 existentibus,
1118 644 1341 716 praesentibus,

129 741 310 818 praeteritis
328 742 395 801 sive
418 739 577 818 aliquando
592 737 724 804 futuris;
746 738 877 797 scientie
900 756 972 798 vero
995 743 1134 811 medie,
1167 765 1253 822 quae,
1284 769 1343 809 me.

132 847 217 906 dium
245 848 339 906 veluti
362 848 462 905 locum
482 846 562 904 inter
580 852 740 920 utramque
755 844 914 902 scientiam
928 848 1157 920 praecedentem
1180 872 1342 932 occupans,

129 959 253 1028 spectet
274 950 311 1010 ed
333 952 469 1011 actiones
492 950 646 1008 hominum
669 949 785 1007 liberas
808 948 1008 1010 conditionate
1032 954 1161 1025 suturas,
1184 961 1203 1019 i.
1228 981 1253 1020 e.
1267 979 1345 1036 quae

128 1059 253 1118 inturee
271 1065 352 1127 suot,
368 1057 540 1117 conditione
554 1060 670 1132 posita,
692 1063 746 1117 eut
761 1054 871 1112 saltem
889 1054 1009 1119 futurae
1020 1061 1170 1134 luissent,
1193 1068 1220 1124 si
1243 1067 1344 1126 condi·

127 1167 174 1224 tio
197 1165 298 1242 posite
320 1176 414 1226 esset.
444 1167 598 1227 Sciootiee
626 1169 774 1246 simplicis
798 1167 1018 1252 intelligentiae
1057 1180 1103 1228 est
1132 1172 1273 1233 ordinare
1293 1192 1344 1234 res

125 1291 166 1332 ac
183 1271 365 1349 disponere,
388 1283 419 1332 et
433 1274 622 1333 voluntatem
639 1273 772 1334 divinam
790 1294 826 1334 ac
845 1277 1038 1336 efficientiam
1060 1277 1277 1352 quodammodo
1302 1281 1345 1338 di·

121 1380 248 1456 rigere,
265 1379 351 1455 eique
380 1380 467 1455 quasi
490 1381 684 1455 praelucere,
707 1381 785 1440 unde
808 1391 838 1440 et
864 1401 967 1441 rerum
987 1387 1080 1441 causa
1098 1382 1235 1442 efficiens
1254 1383 1343 1443 babe-

123 1493 201 1552 tnr,
225 1484 333 1542 saltem
350 1491 467 1543 remote
496 1495 527 1543 et
547 1488 750 1563 exemplaris,
773 1496 862 1563 atque
882 1489 1061 1565 asapieutia
1080 1487 1181 1547 divine
1195 1488 1273 1548 haud
1291 1490 1345 1549 dii·

118 1591 193 1648 fert
216 1593 263 1662 1);
286 1589 435 1649 scientiae
456 1591 587 1649 visionis
608 1610 681 1651 vero
720 1611 772 1652 res
807 1591 933 1654 easdem
969 1597 1124 1654 voluntate
1161 1593 1262 1652 divina
1280 1595 1346 1669 jam

120 1697 310 1774 designatas
327 1704 359 1756 et
372 1697 573 1768 constitutas,
596 1700 627 1756 in
648 1700 749 1776 aliqua
766 1702 913 1778 temporis
924 1710 1011 1776 parte
1030 1698 1247 1776 producendas,
1258 1702 1345 1778 quasi

119 1806 305 1864 existentes
321 1822 356 1863 ae
370 1813 550 1880 praesentes
565 1806 678 1865 intueri
701 1815 826 1883 propter
842 1809 914 1865 vim·
925 1806 1137 1871 aeternitatis,
1160 1823 1237 1880 quae
1256 1823 1344 1864 omne

119 1910 298 1969 discrimen
307 1911 469 1986 praeteriti
484 1929 519 1970 ac
533 1913 628 1970 futuri
646 1913 800 1993 excludit3
823 1921 913 1989 atque
928 1912 1076 1970 scientiae
1090 1909 1205 1968 mediae
1221 1911 1346 1970 decreta

121 2015 234 2074 divine
255 2012 291 2072 de
306 2014 409 2090 gratia
427 2015 546 2074 efficaci
561 2016 671 2075 saltem
695 2035 733 2074 ex
750 2024 837 2092 parte
854 2017 1000 2093 dirigere.

217 2117 384 2178 Observ.
405 2122 435 2183 2.
458 2120 654 2180 Perdifficilis
677 2123 878 2198 sempervisa
898 2130 945 2181 est
968 2123 1108 2198 quaestio
1132 2121 1168 2180 de
1193 2135 1344 2182 consensu

126 2226 253 2286 divinae
269 2227 491 2302 praescientiae
505 2244 574 2286 cum
591 2227 688 2286 libero
704 2229 869 2286 voluntatis
886 2235 1011 2287 nostrae
1035 2235 1139 2297 motu,
1162 2245 1197 2287 ec
1219 2231 1345 2287 muttum

129 2333 264 2392 bumana
278 2332 467 2410 perturbavit
485 2334 611 2415 ingenia
641 2351 699 2392 uon
719 2335 817 2392 solum
839 2332 1074 2411 imperitorum,
1097 2333 1150 2393 sed
1178 2343 1207 2395 et
1232 2335 1345 2393 doctis·

132 2439 301 2507 simorum,
323 2439 368 2496 ita
383 2448 416 2497 ut
431 2441 580 2499 velaDcc
589 2439 840 2517 praescientiam,
864 2438 942 2516 quod
958 2440 986 2496 'l‘
996 2437 1068 2499 ulli
1080 2459 1097 2498 o
1110 2439 1233 2508 accidit,
1256 2444 1346 2517 prout

132 2562 227 2622 supra
239 2542 303 2618 jam
319 2542 542 2613 adnotavimus,
567 2545 617 2603 vel
634 2546 670 2602 ab
686 2545 806 2604 homine
825 2545 999 2605 libertatem
1027 2547 1201 2604 sufferrent.
1224 2547 1345 2604 Etenim

132 2650 160 2710 si
178 2651 264 2708 Deus
281 2649 383 2708 futura
396 2658 481 2708 certo
499 2650 576 2717 scit,
599 2658 757 2726 antequam
774 2651 863 2709 fiant:
887 2669 923 2708 ea
940 2651 1120 2710 necessario
1144 2650 1212 2708 fieri
1234 2650 1344 2708 debere

132 2754 295 2839 videntur3
319 2762 407 2831 atque
425 2752 495 2814 hinc
510 2755 646 2814 libertati
665 2756 786 2814 arbitrii
802 2774 861 2814 non
880 2755 1061 2831 relinquitur
1082 2755 1176 2814 locus.
1199 2756 1234 2814 Si
1253 2772 1345 2827 vero,

132 2878 213 2938 quae
235 2861 320 2918 Deus
343 2859 446 2918 lutura
470 2859 645 2934 praevidet,
667 2878 725 2919 non
747 2868 818 2919 sunt
836 2861 1035 2931 necessaria,
1058 2869 1148 2938 atque
1179 2861 1270 2918 etiam
1285 2872 1345 2918 non

131 2983 225 3038 esse,
247 2963 355 3023 fierive
369 2972 514 3040 possunt:
543 2965 653 3023 iterum
680 2967 810 3025 scientia
838 2967 896 3025 Dei
915 2966 996 3025 falsa
1013 2966 1133 3025 videtur
1151 2982 1222 3023 esse
1236 2976 1347 3040 posset

131 3070 212 3149 quod
228 3088 288 3131 non
307 3070 407 3128 minus
423 3069 547 3146 impium
566 3081 614 3129 est
632 3072 733 3140 dictu,
755 3090 843 3149 quam
867 3073 987 3131 omnino
1003 3073 1116 3130 nullum
1140 3089 1210 3129 esse
1234 3074 1347 3136 Deum,

133 3209 175 3221 -
197 3180 340 3236 Attamen
365 3177 392 3234 si
417 3194 470 3235 res
499 3175 673 3236 adcuratius
703 3177 920 3253 perpenditur,
943 3176 1088 3253 adparet,
1111 3177 1348 3252 praescientiam

129 3283 214 3352 Dei,
234 3282 376 3360 praecise
394 3292 427 3342 ut
442 3291 491 3342 est
506 3301 609 3342 rerum
631 3282 709 3341 nuda
730 3283 882 3360 cognitio,
905 3298 964 3340 non
987 3282 1087 3358 magis
1110 3282 1218 3340 tollere
1232 3282 1279 3340 rei
1300 3281 1345 3339 iu·

129 3398 224 3448 turae
240 3389 432 3459 libertetem,
456 3406 543 3465 qnam
560 3388 695 3465 cognitio
717 3388 763 3446 rei
791 3385 983 3466 praesentis,
1006 3389 1054 3447 vel
1090 3389 1237 3446 memorie
1259 3405 1346 3463 prae·

127 3495 255 3554 teritee.
278 3494 352 3554 Nam
370 3511 422 3552 res
446 3494 606 3569 praevisae
627 3510 686 3552 non
712 3502 876 3570 propterea
895 3493 1015 3553 futurae
1050 3500 1138 3560 sunt,
1167 3494 1236 3569 quia
1257 3512 1345 3570 prae·

130 3599 291 3670 sciuntur,
314 3599 367 3658 sed
383 3600 483 3676 potius
499 3607 661 3676 propterea
671 3599 903 3675 praevidentur,
927 3599 1121 3676 quiaiuturae
1134 3605 1220 3669 sunt;
1242 3612 1346 3658 rerum

128 3704 233 3777 enirn,
256 3705 376 3781 quaein
395 3704 538 3764 libertate
556 3705 674 3781 positae
691 3714 779 3774 sunt,
802 3723 860 3765 nou
892 3721 984 3764 eausa
1016 3713 1061 3763 est
1081 3704 1286 3780 praescientia
1302 3702 1345 3760 di·

126 3811 223 3881 vine,
244 3812 300 3871 sed
319 3812 398 3871 istae
416 3811 516 3888 potius
535 3810 624 3884 huJus
641 3829 733 3871 eausa
748 3819 827 3869 sunt.
849 3814 950 3888 Atque
967 3811 1033 3869 ideo
1056 3828 1114 3868 nou
1139 3810 1214 3868 finnt
1240 3826 1344 3868 neces·

126 3916 238 3986 sario,
260 3935 335 3995 qnae
353 3916 450 3976 libere
474 3934 528 3976 nos
556 3917 699 3996 agimus,
724 3919 781 3976 etsi
812 3918 863 3976 illa
880 3920 965 3976 Deus
984 3918 1160 3976 necessario
1176 3913 1345 3996 praevidit,

127 4023 205 4105 qnia
223 4022 424 4100 praevidendo
441 4025 615 4083 voluntates
633 4031 757 4082 nostras
775 4025 961 4101 praescivit,
984 4025 1066 4098 ipsas
1091 4041 1126 4080 ea
1143 4028 1251 4098 sponte
1274 4032 1345 4077 esse

126 4131 283 4192 facturas.
307 4129 394 4189 Sient
409 4138 439 4190 et
457 4146 513 4188 nos
536 4129 708 4189 eumlibere
721 4130 831 4206 aliquid
846 4130 986 4199 iacimus,
1010 4129 1039 4191 id
1050 4119 1224 4188 necessario
1244 4134 1344 4186 ruente

171 4339 194 4401 ι)
214 4337 256 4393 cr.
271 4329 323 4393 ns.
343 4341 402 4400 roo,
420 4339 463 4393 aa.
481 4341 539 4403 rsa,
557 4342 584 4395 s.
601 4338 689 4390 rrov.
708 4339 734 4400 s,
753 4338 787 4388 22
805 4336 925 4405 essm.
944 4342 970 4400 ⁷,
987 4338 1030 4395 21.
1049 4338 1242 4404 measse.
1254 4338 1344 4401 ιο,ι2.
