2926 5168
160 430 165 443 .
204 383 237 451 3.
259 385 491 470 SpiritusS.
508 386 710 472 procedit
730 407 750 450 u
771 384 904 453 Patre
926 389 1120 475 Filioque
1143 403 1335 477 tanquam

123 510 198 556 uno
220 490 443 576 principio
465 510 540 576 per
562 490 793 576 simplicem
817 494 1154 578 processionem
1177 515 1236 563 seu
1254 493 1335 582 spi·

122 618 165 662 ra
179 596 351 665 tionem.
374 596 460 663 Hinc
477 597 644 682 proprium

206 709 235 770 1.
256 703 348 768 Patri
369 714 440 778 est,
462 704 568 788 quod
591 724 669 769 non
693 704 751 769 sit
774 704 967 791 genitus,
998 724 1104 790 neque
1131 709 1335 791 procedens,

124 810 152 894 li
174 808 313 894 erotem

205 922 236 984 2.
257 914 356 991 Filio,
380 917 494 1001 quod
517 917 582 982 sit
604 919 794 1005 genitus,
817 917 852 1002 (ἡ
873 919 1021 1004 peieret,
1041 930 1078 985 et

205 1026 234 1090 3.
257 1020 392 1106 Spiritui
407 1023 454 1098 8.,
477 1006 584 1107 quod
607 1024 817 1107 procedat
839 1022 1215 1111 (imposueruntque
1309 1052 1312 1057 ·

209 1134 233 1195 1.
255 1128 343 1192 Patri
362 1129 516 1216 competit
531 1129 634 1194 relate
654 1131 693 1194 ad
707 1129 823 1194 Filium
851 1130 1113 1195 Paternitas
1142 1127 1336 1216 (respirare),

122 1233 267 1321 Filioque
282 1234 386 1298 relate
402 1236 442 1301 sd
458 1234 589 1300 Patrem
611 1237 793 1302 Filietio
816 1234 963 1322 (νιότης);
995 1248 1027 1301 et

203 1346 234 1407 2.
256 1340 346 1406 Patri
359 1341 503 1426 Filioque
527 1342 629 1406 relate
647 1343 687 1407 ad
714 1343 872 1426 Spiritum
894 1343 928 1407 8.
957 1342 982 1407 S
990 1341 1158 1426 piratio
1186 1341 1337 1411 activa

122 1443 300 1532 (προβολὴ),
323 1447 461 1531 huicque
479 1446 581 1511 relate
599 1449 640 1512 ad
653 1446 787 1515 Patrem
803 1459 837 1512 et
849 1447 966 1512 Filium
989 1446 1180 1533 spiratio
1200 1447 1336 1534 passi·

124 1572 173 1616 va
195 1547 382 1632 (ianipsopoe
397 1552 448 1613 uoti
468 1548 640 1636 πρόβλημα)
665 1553 699 1636 ¹).

210 1654 386 1720 Caeterum
412 1654 485 1739 quid
505 1655 637 1740 proprie
661 1655 857 1723 discriminis
869 1655 913 1721 sit
931 1655 1014 1721 inter
1032 1657 1280 1744 generationem
1304 1669 1336 1723 et

123 1761 365 1847 processionem
395 1779 453 1823 seu
472 1757 699 1842 spirationem,
726 1780 790 1823 non
810 1759 1031 1840 enuntiamus,
1063 1773 1238 1846 sequentes
1265 1763 1336 1826 Au·

122 1864 350 1954 gustinum,
372 1862 424 1948 qui
442 1862 502 1926 ait:
528 1863 614 1938 oete
624 1872 705 1927 inter
718 1871 812 1927 noem
826 1874 858 1928 et
874 1867 1051 1946 procedere
1065 1871 1254 1943 intersitis
1279 1871 1337 1932 illo

122 1973 397 2035 eccellentissimo
408 1975 527 2033 nolimu
543 1972 698 2052 loquens,
720 1973 974 2050 septimenta
991 1973 1119 2050 polest?
1140 1973 1216 2035 Non
1237 1995 1335 2046 omne,

122 2079 209 2159 pund
223 2077 381 2155 ρννοιάὶἱ,
403 2079 564 2148 nascitur,
588 2077 734 2156 quamvis
755 2094 846 2137 ome
864 2076 1035 2153 procedet,
1061 2079 1148 2158 qaod
1175 2081 1337 2159 nardium

121 2186 205 2242 sicul
224 2200 289 2242 non
310 2199 421 2252 estne,
459 2181 544 2261 quod
570 2180 657 2258 dipsa
700 2185 767 2252 est,
804 2180 895 2241 inmo
916 2187 975 2255 est,
998 2187 1142 2262 quemuis
1177 2187 1267 2262 dines·
1296 2189 1339 2247 sit

123 2290 235 2359 omnis,
259 2287 313 2367 qui
330 2285 423 2346 domo
438 2294 496 2345 est.
518 2283 588 2344 Hoc
603 2290 692 2345 scio:
715 2286 915 2362 distinguere
938 2291 1044 2346 aulem
1065 2290 1149 2348 inter
1170 2288 1260 2350 illem
1278 2309 1335 2367 ae·

122 2397 320 2453 perationem
341 2396 375 2451 et
392 2391 478 2450 lonc
496 2393 735 2466 processionem
764 2392 892 2460 nescio,
919 2407 984 2451 non
1022 2391 1134 2465 valeo,
1171 2412 1237 2454 non
1259 2396 1336 2494 sof-

118 2499 209 2572 ficio.
233 2497 280 2558 Ae
301 2514 359 2572 per
388 2493 466 2573 ltoe,
489 2500 589 2575 quia
586 2492 643 2555 illo
665 2498 697 2554 el
716 2496 780 2555 islo
802 2503 853 2555 est
871 2495 1099 2574 ineffabiliv).
1212 2503 1222 2584 ἰ
1279 2569 1282 2575 Ι

365 2649 476 2757 §.55
498 2674 639 2742 Peter
660 2669 914 2783 ingenitus,
934 2669 1112 2769 sylepsis
1178 2703 1179 2707 ι

205 2839 304 2907 P'ater
330 2842 484 2926 ἀγέννηνος
506 2855 588 2916 est,
610 2843 630 2906 i.
655 2864 684 2908 e.
705 2841 755 2906 uti
776 2841 960 2919 increatus,
982 2843 1028 2908 ite
1047 2865 1174 2931 quoqne
1196 2846 1332 2910 anullo

121 2951 320 3034 procedens,
343 2968 453 3033 neque
469 2971 528 3034 per
550 2950 814 3036 generationem,
836 2969 941 3037 neque
957 2969 1016 3034 per
1034 2939 1334 3037 spirationem,·‚see

122 3049 268 3136 ἄναρχος,
291 3054 361 3119 sine
381 3055 537 3140 principio
556 3049 747 3119 necessario
775 3053 977 3144 cogitandus.
993 3056 1167 3127 ‚Summum
1182 3055 1244 3122 diei
1260 3052 1335 3142 ¹pot·

123 3172 175 3224 est
202 3171 318 3224 natura
346 3159 453 3225 divina
474 3160 637 3244 proferre,
659 3161 721 3225 sed
741 3171 865 3225 tantum
885 3145 1068 3227 virtualiter
1088 3161 1331 3247 paternitatem,

121 3275 278 3350 quatenus
292 3264 365 3349 ipsa
386 3265 426 3329 ob
442 3264 598 3329 infinitam
628 3287 720 3330 suam
743 3265 970 3331 excellentium
992 3265 1184 3331 necessario
1210 3265 1330 3352 exigit,

120 3382 155 3434 ut
169 3369 355 3434 subsistat
345 3391 377 3434 1n
392 3370 608 3455 paternitate,
631 3368 785 3435 filiatione
806 3382 840 3434 et
857 3369 1032 3456 spiratione
1048 3370 1188 3454 passiva.

204 3474 291 3539 llsee
308 3485 417 3539 autem
431 3475 563 3540 Patrem
585 3474 737 3559 ἀγέννητον
754 3497 813 3539 seu
825 3468 968 3558 ἄναρχον,

245 3581 285 3643 A.
309 3580 371 3647 SS.
393 3581 596 3647 Litterae
619 3601 658 3647 eo
677 3581 818 3655 tradunt,
845 3581 930 3667 quod
952 3579 1069 3665 ubique
1096 3580 1229 3645 Patrem
1266 3591 1331 3668 tan·

120 3707 217 3772 quam
230 3683 420 3769 principium
435 3685 508 3750 Filii
520 3697 554 3750 et
572 3685 743 3773 Spiritus
729 3689 764 3750 S.
783 3685 956 3758 exhibent.
979 3696 1275 3804 nunquamautem,
1299 3698 1331 3750 et

122 3812 163 3855 ne
183 3791 312 3877 alonge
328 3788 505 3873 quidem
473 3812 547 3854 vnce
567 3811 667 3857 versa
681 3789 796 3857 Filium
825 3803 880 3860 aut
905 3791 1061 3878 Spiritum
1083 3792 1118 3856 8.
1140 3789 1331 3876 principium

120 3893 230 3960 Patris
245 3914 319 3958 esse
347 3894 534 3981 indigitant,
558 3896 632 3981 quin
646 3895 727 3968 imo,
742 3896 929 4003 quominus
928 3897 976 3960 de
992 3916 1031 3960 eo
1045 3895 1239 3983 cogitemus,
1261 3896 1333 3982 ipsa

121 3998 231 4103 Patris
247 3996 504 4063 denominatione
523 4000 674 4065 inhibent.

247 4105 286 4169 Β
309 4102 370 4167 SS.
393 4102 546 4168 Patres
578 4112 686 4172 autem
717 4108 849 4171 Patrem
893 4106 1015 4172 diserte
1055 4103 1208 4189 ἀναίτιον,
1238 4085 1332 4173 sine

122 4209 350 4298 principio,
374 4222 409 4273 ut
432 4211 680 4301 Gregorius
703 4215 802 4289 Nan,
825 4214 867 4298 ⁸),
885 4212 1049 4312 ciridano,
1057 4194 1239 4313 Deum,
1253 4205 1274 4284 i
1303 4237 1333 4282 e.

161 4446 187 4504 1)
206 4442 250 4497 (ll.
267 4443 296 4495 J.
314 4443 534 4498 Damascen.
553 4448 639 4505 Epist,
656 4448 689 4499 ds
709 4446 814 4508 timer.
833 4465 860 4500 a.
879 4448 1072 4516 iemps.
1091 4452 1116 4503 ι.
1134 4395 1162 4516 ι).
1181 4451 1239 4502 tw.
1259 4446 1292 4504 (l.

156 4529 182 4594 ²)
201 4536 266 4584 Ado.
284 4534 426 4582 Maximin-
444 4536 464 4583 1.
484 4537 512 4586 2.
529 4550 555 4586 c.
576 4539 623 4587 14.
643 4552 670 4599 n,
690 4540 717 4590 1.
734 4536 807 4602 θην.
826 4537 862 4591 ¹1¹.
879 4541 906 4594 8.
925 4540 1084 4593 etenim
1110 4574 1112 4579 -
1141 4572 1143 4579 ›
1243 4535 1260 4567 ¹²

159 4613 528 4684 ³)nre.earm.r.e.a4.
547 4624 885 4694 oppineimense.
926 4656 946 4671 ..
1013 4664 1017 4671 .
1051 4666 1054 4670 .
1132 4664 1136 4670 .
1199 4633 1202 4639 ’
1243 4622 1277 4667 ι·
