2926 5168
93 377 207 440 hostes
230 373 323 439 varia
344 375 490 460 ejusdem
512 376 674 463 dogmata,
696 377 867 462 praecipue
888 377 989 453 ideo,
1005 379 1090 464 quod
1111 379 1227 444 rationi
1249 380 1305 445 hu·

92 501 208 545 manae
230 482 466 556 adversentur,
488 480 699 578 impeterent:
727 503 790 546 non
817 493 946 567 poterat
976 504 1039 547 non
1061 483 1149 559 lieri,
1181 496 1216 548 ut
1246 482 1308 548 viri

92 585 139 650 illi
159 586 275 651 iisdem
305 585 422 660 armis,
457 584 570 670 quihus
600 586 780 651 adversarii
807 608 878 651 rem
910 585 1126 652 Christianam
1157 587 1308 676 adgressi

96 701 210 764 eraut,
233 690 294 755 hos
312 690 519 766 refellerent,
542 711 676 776 eamque
691 691 776 756 tueri
793 704 993 780 satagerent,
1008 692 1238 777 mysteriorum
1257 713 1308 757 ra·

93 795 267 861 velationis
291 796 417 861 divinae
436 795 596 860 internam
618 796 778 862 rationem
795 818 834 863 ac
855 799 1099 874 necessitatem,
1121 809 1176 862 aut
1194 798 1308 863 saltem

92 901 338 983 possihihtatem
361 901 578 976 ostendeud0;
608 900 703 988 idque
725 923 765 967 eo
788 903 914 989 magis,
937 925 1033 990 quum
1057 903 1155 969 menti
1175 914 1307 968 nostrae

92 1007 289 1072 desiderium
320 1028 339 1072 a
369 1020 484 1072 natura
512 1007 644 1072 insitum
673 1009 733 1083 sit,
763 1011 804 1072 ad
827 1009 998 1074 clariorem
1028 1009 1061 1074 in
1091 1010 1161 1074 dies
1182 1029 1303 1085 rerum,

93 1112 192 1178 etiam
215 1113 404 1189 divinarum,
427 1113 591 1178 notionem
618 1113 797 1188 eluctandi,
828 1134 1002 1199 earumque
1033 1113 1192 1179 internam
1222 1113 1306 1179 veri·

95 1229 195 1282 tatem
229 1237 288 1282 sen
318 1217 564 1306 intelligentiam
596 1218 800 1303 assequendi.
832 1220 946 1303 Neque
977 1218 1083 1283 asseri
1112 1228 1240 1304 potest,
1273 1217 1307 1282 S.

93 1323 298 1408 scripturam
327 1322 516 1407 hujusmodi
537 1323 757 1389 conaminibus
787 1323 973 1396 adversari,
1006 1344 1103 1409 quum
1129 1323 1307 1408 Apostolos
1367 1326 1369 1330 ‘

92 1450 153 1493 nos
176 1430 357 1504 admoneat,
381 1440 415 1492 ut
436 1428 634 1492 ambulemus
662 1434 782 1508 dimne,
810 1433 846 1491 in
868 1436 952 1492 onntt
973 1450 1068 1508 opere
1089 1432 1167 1493 tono
1183 1433 1307 1510 frueti-

90 1539 239 1616 flcnntes,
263 1547 295 1599 et
315 1541 547 1598 crescentes
568 1537 811 1598 irretientis
827 1537 913 1614 Det,
940 1533 963 1619 Ι)
984 1546 1081 1618 atque
1103 1532 1304 1596 solummodo

94 1637 331 1724 philosophiam
361 1636 395 1700 οὐ
426 1634 503 1700 κατὰ
522 1635 657 1720 Χριστὸν
677 1637 810 1722 reJ'iciat.
833 1643 862 1719 ²)
894 1638 972 1703 Tali
993 1639 1090 1701 modo
1112 1637 1211 1725 igitur
1232 1648 1307 1700 nata

94 1755 146 1808 est
167 1745 305 1809 scientia
328 1741 512 1808 Christiana
521 1767 531 1817 ;
558 1754 653 1828 atque
682 1763 795 1807 omnes
818 1743 935 1807 Patres
968 1755 1002 1808 et
1033 1742 1222 1827 Scriptores
1242 1742 1305 1807 Ec·

93 1849 224 1923 clasiae,
247 1849 362 1935 quide
385 1847 712 1935 dogmatibussacris
735 1848 946 1933 scripserunt,
968 1849 1042 1912 dum
1065 1867 1109 1911 ex
1129 1835 1192 1912 una
1213 1859 1304 1932 parte

92 1953 286 2018 unanimiter
316 1965 513 2042 agnoscunt,
545 1953 723 2018 doctrinam
758 1953 911 2017 divinitus
941 1954 1138 2029 revelatam,
1169 1953 1202 2018 in
1233 1953 1306 2030 sinu

92 2058 266 2123 Ecclesiae
288 2057 482 2144 repositam,
513 2070 608 2144 atque
631 2060 670 2123 ah
693 2079 731 2123 ea
754 2059 924 2132 traditam,
957 2058 1105 2124 absolute
1127 2057 1306 2143 perfectam

93 2185 179 2240 esse,
201 2165 247 2230 ita
266 2176 302 2229 ut
323 2184 384 2228 nec
403 2161 537 2236 dilatari,
560 2182 621 2226 nec
639 2161 752 2248 perlici
775 2173 878 2247 queat,
901 2182 944 2225 ex
965 2162 1069 2226 altera
1085 2174 1178 2247 parte
1200 2161 1304 2236 simul,

93 2268 146 2334 alii
168 2269 274 2357 magis
296 2289 335 2334 ac
366 2269 532 2341 consulto,
568 2266 621 2330 alii
643 2265 746 2330 minus
769 2287 807 2331 ac
829 2267 921 2352 quasi
942 2278 1072 2350 praeter
1095 2268 1304 2342 voluntatem,

97 2374 256 2460 profunda
278 2375 363 2438 illius
385 2372 552 2453 doctrinae
574 2382 780 2447 scrutantur,
804 2383 838 2434 nt
866 2371 966 2434 falsae
995 2370 1150 2437 scientiae
1172 2374 1304 2457 phanta-

93 2492 198 2545 smata
220 2481 405 2555 destruant,
428 2491 461 2544 et
479 2477 587 2541 nativo
616 2476 661 2541 illi
689 2476 824 2540 rationis
846 2488 977 2541 nostrae
1001 2475 1163 2540 desiderio
1186 2475 1304 2540 verita·

94 2598 161 2650 tem
183 2583 496 2670 comprehendendi,
528 2594 678 2669 quantum
699 2583 731 2647 id
753 2582 904 2648 videlicet
928 2582 1000 2647 fieri
1020 2594 1150 2667 potest,
1180 2582 1304 2646 satisfa-

93 2693 187 2756 ciant.
217 2691 254 2755 ln
284 2691 345 2755 hac
373 2689 480 2755 divina
502 2688 637 2754 scientia
666 2688 898 2772 perfectionem
920 2687 1105 2775 Theologi,
1135 2687 1210 2772 quin
1240 2687 1304 2752 imo

50 2848 57 2875 ,
93 2797 199 2861 omnis
222 2794 398 2876 Christiani
418 2804 588 2880 reponunt,
610 2804 645 2858 ut
666 2792 853 2858 nominatim
877 2791 1075 2856 Clemens
1096 2791 1237 2868 Alere,
1252 2790 1305 2878 qui

92 2904 178 2967 illam
199 2907 314 2984 γνῶσιν,
349 2912 382 2964 et
402 2899 475 2965 ideo
493 2899 701 2985 Theologum
724 2917 783 2961 seu
805 2895 1024 2963 Christianum
1048 2895 1226 2982 sapientem
1252 2897 1305 2960 vel

93 3006 274 3093 perfectum
302 2999 462 3088 yvnnsmdr
484 3003 638 3089 adpellat,
662 3013 757 3088 atque
785 3023 855 3066 eam
883 3001 928 3065 ita
957 3001 1129 3068 describit:
1162 3007 1305 3082 Coymtto

95 3110 233 3196 (γνῶσις)
264 3118 370 3173 antem
400 3116 451 3172 est
467 3114 563 3191 firme
595 3116 627 3170 et
657 3108 781 3170 stabilis
812 3115 1036 3171 demonstratto
1063 3129 1206 3192 eorum„
1224 3130 1306 3191 qnae

95 3223 240 3278 assurrrta
259 3222 337 3277 sunt
353 3235 413 3296 per
432 3216 536 3292 fidem,
558 3235 641 3297 quae
662 3235 724 3294 per
742 3214 916 3276 doctrinam
935 3214 1065 3277 Domina·
1084 3234 1186 3294 seraper¹
1207 3219 1305 3296 fidem

94 3324 295 3402 aedificatur,
307 3341 390 3402 quae
407 3324 593 3383 transmittit
612 3321 656 3379 ad
671 3320 931 3392 hafatlilritttntem
945 3324 1155 3391 stertentium
1177 3330 1208 3382 et
1226 3339 1304 3398 per·

91 3433 214 3508 fretam
236 3427 555 3507 comprehensionem.
578 3423 628 3486 Ao
648 3424 725 3484 mtltt
746 3423 872 3503 quidem
898 3443 939 3484 ea
956 3424 1082 3487 videtur
1104 3444 1177 3486 esse
1200 3428 1305 3506 prima

95 3533 251 3594 salutaris
274 3533 423 3605 stratatio,
452 3550 534 3612 quae
554 3532 593 3609 fit
614 3549 634 3589 ιι
651 3529 797 3605 penatibus
822 3527 867 3606 ad
886 3530 1004 3607 fidem
1025 3530 1167 3595 secunde
1190 3518 1304 3600 numm,

96 3656 179 3718 qnae
206 3646 255 3697 est
282 3656 303 3696 a
324 3637 388 3716 fite
419 3639 453 3697 r'n
480 3637 699 3714 coemtionem.
722 3631 784 3695 hta
811 3651 884 3693 aero
909 3634 1060 3695 destmm
1077 3639 1110 3696 tn
1132 3635 1304 3712 ehmttate,

96 3748 230 3803 mntcmn
250 3743 295 3813 id,
316 3742 401 3822 qesod
421 3745 600 3820 commoueat,
632 3743 660 3799 et
679 3739 797 3819 reddit,
826 3744 912 3819 quod
930 3741 1143 3813 commetitur,
1159 3736 1212 3807 ,m
1226 3743 1304 3819 for·

97 3851 181 3908 tasse
200 3847 256 3927 qui
276 3851 326 3906 est
339 3845 502 3923 ejnevnodr',
515 3847 592 3922 jam
606 3844 863 3923 praeoccupavit,
880 3848 973 3903 nteit
988 3842 1104 3903 similis
1119 3839 1258 3921 Amystis.
1278 3838 1304 3924 ⁸)

98 3950 180 4015 Hinc
198 3960 230 4015 et
244 3970 338 4012 usum
353 3945 586 4033 philosophiae,
602 3948 694 4031 cujus
709 3965 770 4029 ope
787 3943 894 4007 divina
910 3943 1055 4021 scientia,
1068 3955 1134 4010 tam
1149 3943 1182 4010 in
1198 3943 1304 4019 nohis,
1384 3933 1385 3936 ¹

99 4076 190 4142 quam
208 4055 240 4120 in
260 4053 340 4129 aliis,
362 4050 502 4119 efficitur
520 4073 558 4116 ac
578 4051 750 4124 formatur,
773 4070 836 4114 non
857 4059 980 4114 tantum
1006 4049 1068 4135 ipsi
1091 4048 1207 4136 ubique
1229 4047 1304 4114 iaci·

101 4300 365 4325 Q

132 4423 154 4491 ¹)
173 4424 234 4479 Col.
254 4426 284 4486 1,
304 4427 345 4477 10.
365 4422 407 4477 Cf.
423 4423 449 4476 2.
465 4421 545 4475 Patr.
563 4416 596 4481 d,
618 4415 660 4491 18.

131 4508 154 4578 ²)
172 4513 233 4567 cot.
250 4516 277 4575 2,
294 4516 320 4567 8.
554 4583 557 4586 ’
842 4557 861 4582 ⁴·

131 4597 154 4669 ³)
173 4603 279 4656 strom.
295 4606 313 4657 l.
332 4609 356 4659 7.
372 4619 401 4658 ιι.
418 4606 459 4662 lo.
476 4604 549 4670 opp.
566 4597 610 4652 ed.
630 4609 655 4650 a.
670 4596 703 4657 Τ.
721 4595 746 4648 2.
764 4603 791 4660 p.
808 4591 859 4645 sat
874 4605 899 4644 s.
