2926 5168
122 380 161 428 ac
177 351 349 437 immensi,
372 353 483 424 sedin
499 363 594 427 terto
612 353 805 446 uliquoloco
826 363 988 438 emunt,
1010 355 1173 429 licet²non
1196 359 1335 431 oneum

123 465 297 552 seriptivs,
327 477 362 530 ut
387 467 493 550 ajunt,
524 473 666 529 atamen
687 464 852 530 definitive
875 475 921 544 ¹),
953 481 986 533 et
1010 467 1128 534 localis
1149 469 1336 554 paesentis

124 572 280 638 adstricta
311 591 394 636 esse
411 571 560 637 videatur
588 571 747 656 corporis
764 592 828 638 non
846 571 997 638 videntum
1018 575 1179 640 aberrare
1200 595 1221 640 s
1248 596 1337 652 vero,

123 677 333 766 qni-Angelis
348 699 412 742 non
430 676 596 762 proprium
611 676 743 762 quidem
766 688 800 742 et
813 679 858 742 ud
881 696 995 745 eorum
1013 689 1162 746 ostam
1186 699 1336 748 necem

120 783 172 848 rio
188 783 355 868 pertinens
371 802 501 868 corpus,
518 783 578 846 sed
598 794 835 851 assumtum-ae
853 793 1046 850 extraneum
1065 783 1246 863 tribuant,
1263 806 1336 873 qne

125 899 272 953 utveste
291 886 383 974 qnasi
398 885 641 958 induti-locales
662 888 840 953 reddantur
861 897 895 964 ²)

146 1034 149 1041 ·
208 993 304 1072 Quod
323 993 451 1057 undem
472 992 511 1056 ad
528 992 693 1057 existendi
715 994 1067 1083 modnmfnngelorum
1084 995 1337 1084 dulcem-utque

126 1110 245 1164 motum
274 1098 451 1164 eorundem
477 1095 606 1162 attium:
636 1098 805 1164 dumtaxat
831 1099 893 1165 lroe
916 1099 1016 1164 statui
1038 1110 1165 1186 potest,
1187 1101 1335 1190 Angelos

125 1208 200 1272 loco
222 1203 370 1281 definiri,
398 1202 504 1267 idest
527 1223 591 1267 non
613 1203 754 1290 ubique,
784 1205 843 1269 sed
867 1205 900 1270 in
927 1214 1021 1270 certe
1044 1205 1244 1282 loeo··esse,
1268 1205 1337 1291 quin

125 1323 234 1376 tamen
252 1310 317 1374 sint
332 1307 581 1394 circumscripti,
603 1294 648 1374 lla
660 1309 816 1375 'ntinstar
832 1330 1007 1396 corporum
1024 1311 1058 1375 in
1071 1311 1337 1382 illointxistsnt:

124 1437 228 1503 porro
245 1416 379 1480 eosdem
394 1434 457 1478 non
469 1425 593 1483 tantum
610 1416 647 1481 in'
658 1416 733 1482 loco
747 1418 850 1500 σχίσει
861 1419 916 1479 καὶ
935 1417 1082 1500 lmpysloe,
1104 1420 1293 1481 tammus
1310 1425 1338 1480 ot

125 1528 252 1606 virtute,
263 1540 350 1598 esse,
373 1521 432 1584 sed
446 1520 542 1587 etism
559 1519 648 1584 odolo
660 1540 721 1586 seu
737 1524 929 1602 substantia,
949 1520 997 1588 ltu
1011 1532 1130 1597 tamen,
1145 1532 1264 1590 utnon
1276 1532 1335 1586 tan

126 1630 199 1693 loco
226 1628 468 1703 contineantur,
500 1647 596 1712 quarn
616 1627 723 1713 potius
749 1629 866 1693 locum
884 1628 990 1714 aliquo
1013 1629 1110 1693 modo
1136 1618 1335 1708 omnnqu

127 1746 228 1819 atque
245 1730 370 1796 moveri
387 1731 478 1818 ipsos
494 1732 581 1808 loco,
601 1730 647 1796 itu
666 1741 780 1795 utnon
798 1732 913 1796 eodem
925 1742 1094 1796 monento
1109 1728 1260 1801 simut-tn
1278 1731 1336 1816 plu·

126 1839 218 1903 ribus
243 1836 398 1913 existant,
420 1855 525 1922 neque
552 1835 593 1900 ab
610 1854 673 1900 uno
700 1835 732 1900 in
756 1835 892 1903 alterum
909 1838 1052 1913 tendant,
1075 1835 1151 1923 quin
1171 1855 1234 1922 por
1247 1835 1336 1901 inter·

124 1945 249 2030 jectum
264 1953 442 2007 transeant.
508 1980 511 1985 -
605 1972 608 1981 ·
887 1974 890 1978 ‡

225 2113 248 2196 ς.
274 2087 312 2179 o.
332 2085 560 2181 Numerus
581 2084 721 2197 atqne
743 2108 934 2185 ordines
954 2111 1252 2200 Angelorum.

215 2265 339 2329 Omnes
365 2262 484 2352 Angeli
508 2274 633 2328 natura·
648 2281 723 2339 sna,
746 2274 781 2328 ut
802 2283 881 2328 mox
903 2264 1062 2342 vidimus,
1085 2265 1337 2352 praestantiores

131 2381 208 2434 sunt
229 2368 594 2444 hominibus3'-attamen
617 2369 693 2433 ideo
711 2389 910 2456 nequaquam
937 2372 1167 2436 autumandum'
1187 2380 1260 2446 est,
1290 2387 1338 2434 eos

133 2493 247 2538 omues
265 2495 402 2565 prorsus
427 2474 586 2558 ejusdem·
602 2493 679 2538 esse
705 2474 929 2550 conditionis,
948 2486 981 2540 et
993 2476 1086 2541 inter
1105 2496 1143 2540 se
1167 2475 1256 2540 hond
1270 2490 1339 2539 osse

132 2579 194 2644 nisi
213 2600 348 2644 numero
370 2579 550 2644 distinctos.
573 2578 696 2644 Verum
713 2580 821 2664 potius
837 2581 1103 2666 quemadmodum
1117 2582 1244 2669 ingens·
1258 2581 1339 2645 donn

131 2707 241 2749 rerum
258 2684 457 2750 sensibilium
476 2705 630 2749 numerus
646 2685 790 2770 variique
814 2705 924 2750 earum
939 2687 1060 2772 gradus
1078 2706 1117 2751 ae
1129 2685 1288 2762 ordines,
1304 2684 1340 2748 ita

134 2811 277 2876 quoque,
305 2801 340 2854 ut
363 2790 523 2855 revelatio
551 2790 804 2874 divinarunt,
843 2806 1040 2879 permagnus
1067 2803 1120 2856 est
1142 2791 1338 2879 Angelorum

134 2894 326 2961 coelestium
345 2917 511 2971 numerus,
533 2895 709 2981 variaeque
728 2907 803 2960 sunt
821 2914 934 2963 eornm
951 2897 1093 2962 classes:
1107 2896 1204 2962 Haec
1223 2897 1339 2983 quiden

134 3013 225 3065 certa
246 3012 329 3065 sunt.
353 3002 444 3079 Quae
459 3013 567 3065 antem
584 3001 719 3066 ulterius
742 3000 854 3085 quaeri
861 3011 867 3044 ³
872 3011 1026 3086 possunt,
1049 3012 1127 3088 quot
1149 3001 1279 3067 scillcet
1294 3021 1338 3064 nu·

137 3127 228 3170 mero
257 3106 377 3194 Angeli
399 3107 485 3182 sint,
515 3126 670 3193 quaenam
698 3128 797 3191 porro
824 3106 890 3171 sint
912 3107 1113 3194 Angelorum
1132 3096 1272 3172 classes
1291 3125 1338 3169 seo

137 3211 277 3287 ordines,
307 3211 483 3298 qualesque
501 3211 646 3296 cujusvis
669 3210 791 3276 ordinis
813 3211 923 3287 dotes,
950 3211 1066 3277 (livino
1083 3209 1337 3278 revolutionum

137 3317 243 3385 docet.

224 3421 394 3509 ingentem
415 3421 613 3508 Angelorum
642 3419 879 3486 multitudinem
899 3441 1009 3499 esse,·
1025 3421 1338 3510 mmnturioequt

141 3526 345 3590 Christus
367 3525 451 3590 enim
474 3525 633 3607 affirmat,
657 3525 685 3589 si
703 3546 839 3592 necesse
859 3525 973 3603 luerit,
993 3533 1068 3607 plus
1097 3549 1194 3612 quum
1231 3532 1337 3600 duode-

140 3637 199 3695 cim
221 3634 364 3711 lepiones
384 3632 582 3711 Aopelorum
611 3631 786 3711 impetrare
815 3653 852 3696 se
880 3653 900 3697 a
927 3632 1028 3698 Patre
1055 3653 1157 3718 posse
1187 3641 1229 3710 ⁸).
1259 3633 1337 3701 Pto·

141 3735 210 3800 lus
233 3746 392 3800 memorat
411 3740 580 3799 multorum
605 3739 739 3800 millium
768 3737 964 3819 Anpelorum.
977 3722 1195 3822 frequentiam
1224 3740 1261 3822 ⁴).
1289 3737 1337 3801 ln·

143 3843 219 3906 das
241 3841 369 3915 scribit,
392 3841 568 3907 Dominum
583 3843 787 3928 Angelorum
807 3848 856 3907 mi
864 3846 879 3906 l
887 3845 918 3906 li
926 3847 1001 3910 buu
1029 3841 1182 3928 stipatum
1203 3837 1337 3927 ,adjudi-

143 3946 228 4011 cium
243 3966 319 4012 esse
339 3957 512 4013 venturum
534 3948 570 4031 ὓ).
591 3947 636 4012 ln
656 3948 680 4010 J
691 3966 796 4012 oaun
808 3967 868 4010 es:
899 3948 1013 4013 nosset
1026 3968 1138 4012 soom
1158 3951 1337 4031 Ansium

183 4168 207 4228 ¹)
227 4165 268 4216 cf.
286 4167 353 4217 Luc.
372 4169 398 4229 2,
418 4170 460 4220 15.
477 4165 502 4216 2.
522 4165 602 4218 Potr.
619 4165 645 4227 2,
663 4164 692 4219 l,
709 4165 797 4232 Apoc.
818 4166 860 4227 12,
879 4166 958 4220 iss,
1011 4157 1015 4178 ¹

181 4253 206 4320 2)
226 4255 269 4306 ct.
286 4254 465 4308 Moratur.
484 4255 502 4306 t.
523 4269 546 4307 c.
564 4251 766 4321 mistiones,
785 4251 874 4324 totth.
893 4249 1137 4321 tauroentum.
1155 4250 1260 4324 natu,
1277 4249 1335 4304 tslt

147 4358 175 4411 p.
192 4343 252 4396 206.

181 4428 328 4496 ³)1ttatth.
347 4435 390 4493 aa,
411 4435 452 4485 sa.

180 4522 208 4589 a)
226 4523 315 4578 neor.
335 4525 377 4586 ιε,
397 4526 438 4575 n.

184 4608 208 4680 ⁵)
226 4613 294 4669 lud.
312 4613 354 4666 tt.
373 4615 414 4666 to.
