2926 5168
1270 226 1334 303 sto

123 380 222 447 finem
237 381 342 456 docet,
358 386 527 445 convenire
547 386 800 464 nos—ipsum
833 384 978 446 donum
999 390 1071 446 Dei
1093 386 1265 468 (Spiritum
1281 395 1333 463 S.)

121 509 215 552 eum
236 488 370 551 Patre
390 494 432 551 et
450 487 569 551 utrm
591 507 719 570 oeque
740 491 1084 553 incommutabile
1114 499 1266 556 eotere
1297 506 1333 557 et

119 604 292 659 tenere:
312 597 436 657 unius
456 593 735 656 substantiae
761 593 1033 676 Trinitatem,
1055 616 1178 659 uuum
1198 599 1332 671 Deusta,

117 726 140 766 a
164 722 229 787 quo
240 722 369 776 sumus,
389 723 448 781 per
465 720 559 780 quem
571 719 702 772 sumus,
724 703 760 761 iu
776 720 838 782 quo
852 720 965 763 sumus
987 725 1050 762 -:
1073 711 1191 775 Deum,
1215 706 1269 785 qui
1284 705 1335 764 ‹t-

111 811 192 872 ait:
212 809 312 885 lusu·
334 813 366 868 et
385 807 537 878 Verium,
556 826 616 886 per
632 812 717 887 quod
726 809 851 884 fuctum
865 812 915 868 ert
928 810 1123 890 omne‚quod
1139 814 1335 871 substantio-

112 919 198 980 iiter
221 921 254 977 et
274 915 464 977 moratur
485 918 612 995 sactum
636 919 703 992 est;
725 921 759 974 et
778 913 904 973 Donum
923 914 1131 991 beniquitatie
1156 917 1242 990 ejus,
1274 934 1335 996 quo
1418 952 1423 967 ·

104 1024 264 1104 placuit,
286 1025 317 1081 et
336 1022 537 1082 sanctiorum
562 1024 611 1078 est
625 1018 748 1079 auctori
768 1036 843 1088 suo,
865 1022 903 1077 ut
920 1035 985 1079 non
998 1023 1159 1088 interiret,
1181 1020 1339 1100 quitquid

108 1125 668 1206 abeoperVeriumsactumert¹).
693 1118 1023 1184 -Vincentius
1046 1120 1208 1185 Lenius:
1233 1124 1336 1185 Beato

104 1230 236 1318 inqiut,
260 1228 605 1298 Catholiaaldeeiesia,
635 1246 717 1309 quae
744 1246 863 1288 unum
885 1228 1011 1289 Deum
1032 1230 1074 1289 in
1105 1232 1335 1293 Trinitatis

102 1336 404 1420 plenitudine,
427 1340 468 1395 et
485 1336 583 1395 item
600 1332 833 1394 Trinitatis
856 1334 1170 1413 aequalitatem
1190 1336 1233 1394 in
1254 1353 1337 1394 uno

104 1446 359 1509 divinitate
380 1434 569 1513 veneratum
591 1442 741 1518 utaequa
764 1438 978 1517 sinqutaritus
1002 1439 1200 1500 substantiae
1220 1457 1336 1517 perso·

102 1567 241 1613 narum
265 1544 443 1626 eorssundat
463 1546 705 1621 proprietatem,
736 1561 837 1623 neque
868 1546 940 1603 item
980 1543 1145 1604 Trinitatis
1177 1544 1336 1604 distinctio

105 1657 328 1718 unitatem
355 1653 525 1729 separet
552 1648 744 1708 deitatis
771 1652 812 1720 ²).
834 1681 874 1691 —
896 1644 1104 1731 Prosper:

162 1757 322 1837 Quodque
344 1756 413 1816 Deo
435 1756 614 1826 minasset,
644 1770 710 1812 non
727 1757 778 1812 est
791 1750 897 1812 Deus.-
920 1773 940 1812 a
959 1756 1054 1814 Patre
1067 1758 1177 1815 natum

213 1860 347 1923 Verium
377 1864 441 1932 ,et
466 1859 530 1936 qui
558 1857 773 1918 amborum
806 1860 1104 1937 spiritumet,
1127 1859 1236 1918 Deus
1258 1867 1334 1919 est.

163 1965 494 2045 Unaeademque
515 1965 641 2023 trium
663 1965 938 2044 quoniamest
953 1967 1147 2036 essentia,
1165 1982 1295 2044 quaese

207 2070 383 2148 Nunquam
396 2068 451 2128 oei
463 2069 585 2146 major,
606 2072 656 2130 oet
671 2071 775 2129 nuuor
789 2087 861 2129 esse
871 2074 975 2144 potest
996 2075 1035 2143 ³).

209 2173 334 2254 Quibus
366 2171 595 2235 adnumerandi
619 2170 723 2236 adhuc
755 2183 845 2234 sunt:
872 2168 1090 2244 Cerealis,
1118 2171 1176 2256 ¹qui
1197 2174 1247 2234 tie
1272 2176 1338 2254 fiae

116 2290 175 2347 SS.
210 2281 376 2342 Trinitatis
400 2276 471 2339 ado.
501 2281 718 2340 Maximinum
748 2276 936 2361 opusculum
962 2274 1093 2359 scripsit
1119 2283 1164 2349 ⁴];
1193 2276 1338 2339 incertus

122 2385 256 2473 quidam
274 2381 443 2467 scriptor,
466 2378 519 2465 qui
532 2382 581 2442 De
600 2381 776 2456 Trinitate,
799 2402 859 2444 seu
874 2390 922 2444 De
937 2385 1028 2445 uuita
1054 2383 1210 2445 Triuitote
1225 2388 1334 2444 Deita-

122 2496 163 2554 tis
182 2488 287 2554 libros
309 2483 479 2551 duodecim
495 2484 679 2568 composuit
697 2494 748 2571 ⁵);
779 2483 1045 2550 Paschasius
1077 2485 1182 2572 (juxta
1210 2485 1337 2571 Grego-

125 2594 210 2660 rium
228 2592 286 2669 M..
313 2592 506 2657 Faustus
538 2589 773 2677 Regiensis
800 2590 896 2674 juxta
942 2586 1169 2675 Gennadium),
1202 2591 1255 2676 qui
1285 2595 1337 2655 De

125 2704 247 2782 spiritu
270 2698 306 2763 S.
336 2703 415 2762 duos
447 2696 547 2760 libros
581 2693 731 2760 exaravit
757 2694 806 2780 ⁶);
837 2706 933 2781 atque
966 2697 1229 2783 Fulgentius
1269 2698 1339 2763 Ru·

125 2803 318 2893 sponsis,
338 2803 391 2890 qui
407 2814 581 2869 tractatum
599 2807 639 2866 de
654 2810 685 2866 S.
707 2806 875 2872 Trinitate,·
891 2802 968 2866 item
982 2803 1194 2879 Ouaestioues
1209 2813 1248 2868 de
1259 2826 1337 2884 pro-

126 2917 270 2978 cessione
284 2916 426 2992 spiritus
442 2918 474 2974 S.
496 2907 629 2994 scripsit
653 2917 692 2984 ⁷).

210 3020 381 3084 0bserv.
402 3021 513 3079 Patres
534 3028 603 3078 ante
630 3019 783 3094 synodum
806 3020 988 3089 Nicaenam,
1012 3026 1042 3076 et
1066 3020 1175 3089 etiam,
1201 3022 1249 3098 qui
1271 3032 1339 3099 post

127 3130 211 3188 iilam
230 3127 379 3187 adversus
396 3123 689 3186 Pncumatomachos
707 3126 898 3183 strinxerunt
916 3125 1082 3194 calamum,
1115 3126 1198 3184 velut
1229 3129 1339 3187 Basi-

126 3236 228 3301 lius,
251 3235 335 3309 parci
353 3231 472 3309 quidem
493 3230 651 3290 admodum
669 3230 791 3288 fuerunt
812 3227 981 3287 innomine
999 3228 1061 3288 Dei
1082 3230 1209 3307 Spiritui
1233 3231 1266 3291 S.
1285 3233 1338 3290 tri·
1396 3279 1398 3283 ,

126 3335 255 3399 buendo.
284 3337 318 3395 td
346 3345 446 3396 tamen
468 3356 506 3396 ex
534 3335 661 3414 quadam
682 3335 822 3395 cautione
840 3335 876 3393 ab
895 3335 972 3410 ipsis
994 3334 1106 3393 iactum
1134 3345 1193 3407 cst,
1217 3343 1278 3393 tum
1301 3356 1337 3394 ne

127 3442 315 3503 offenderent
334 3442 491 3514 infirmos,
515 3442 581 3520 qui,
604 3458 782 3518 quamquam
801 3441 951 3516 Spiritum
966 3440 999 3499 S.
1025 3443 1123 3498 Deum
1142 3458 1211 3499 esse
1234 3442 1336 3500 crede·

127 3555 213 3620 rent,
236 3553 337 3606 tamen
359 3549 395 3607 ab
414 3566 451 3606 ea
475 3546 674 3623 adpellatione
697 3544 907 3604 abstinendum
936 3564 1005 3604 esso
1031 3553 1193 3622 putarunt,
1221 3547 1334 3615 nescio,

127 3653 232 3730 quihus
247 3654 349 3713 causis
362 3653 461 3721 ducti,
483 3660 547 3710 tum
558 3671 596 3710 nc
609 3652 733 3709 nimium
757 3653 977 3712 exacerbarent
993 3648 1240 3724 Macedonianos,
1262 3668 1336 3728 quos

128 3775 229 3821 secum
245 3765 353 3820 eontra
367 3745 499 3818 Arianos
519 3759 621 3818 unitos
637 3775 707 3816 esse
726 3757 901 3819 censebant.

162 4082 186 4138 ¹)
207 4082 239 4131 c.
259 4081 309 4130 65.
329 4094 356 4130 n·
378 4080 447 4129 tra.
465 4076 498 4129 T.
520 4079 545 4128 1.
564 4089 589 4126 e.
608 4077 667 4127 788.

159 4167 182 4232 2)
202 4169 339 4219 common.
358 4179 384 4219 c.
404 4168 452 4218 18.
471 4180 499 4230 p.
525 4167 566 4215 57.

158 4251 181 4320 ³)
199 4259 280 4317 uota.
299 4259 349 4309 55.
368 4253 437 4321 Opp.
457 4255 519 4305 oto.

159 4342 184 4407 t)
201 4347 234 4396 lu
252 4346 324 4396 Bitt.
342 4359 414 4395 mae.
435 4345 490 4396 1³1³.
508 4342 599 4408 Lugd.
617 4344 651 4394 T.
669 4343 694 4394 8.
712 4357 738 4408 p.
757 4344 806 4393 671
826 4357 870 4394 ss.

160 4430 185 4502 5)
204 4433 266 4484 Una
285 4446 311 4486 c.
328 4432 400 4500 opp.
421 4431 609 4486 vitensis.
627 4432 660 4482 ed
678 4433 759 4485 Petr.
777 4433 823 4485 Fr.
842 4431 1021 4487 chifflet.
1039 4435 1151 4483 Dunon.
1171 4432 1244 4486 scot.
1262 4438 1285 4488 tt.

160 4517 182 4589 ⁶)
200 4524 233 4576 lu
252 4526 325 4577 ntor.
341 4525 419 4576 dtas.
436 4527 493 4574 PP.
509 4522 600 4589 bugd.
619 4522 652 4575 T.
669 4524 695 4573 8.
713 4536 741 4592 p.
759 4525 809 4574 807
828 4537 870 4579 ss.

161 4611 184 4679 ⁷)
202 4613 275 4683 Opp.
293 4628 321 4683 p,
337 4614 389 4667 32⁸
406 4627 449 4666 ss.
471 4613 531 4667 tot.
