2926 5168
85 395 138 447 est
167 403 369 448 concessum.
397 382 527 448 Etenim
556 385 741 445 uidemus
769 403 878 445 nuuc
905 400 979 458 per
1007 378 1224 456 speculum
1257 379 1296 438 iu

85 495 348 569 aentpmute:
380 502 473 552 tunc
507 496 630 551 autem
658 492 773 570 socie
799 489 1029 568 adfaciem
1067 490 1119 559 ¹),
1148 492 1181 545 et
1211 502 1297 544 cum

85 600 338 676 apparuerit,
362 598 522 658 similes
545 599 582 657 ei
604 598 777 656 erimus:
796 600 942 676 quoniam
961 592 1197 654 ridebimus
1214 607 1298 649 eum

84 704 223 761 sicuti
244 707 321 761 eat.
344 697 371 782 ²)

119 810 127 817 ”
170 802 225 866 Ex
247 804 350 868 altera
376 815 468 888 parte
491 814 598 867 autem
628 803 755 867 minime
784 803 959 867 timendum
990 813 1060 876 est,
1091 822 1131 866 ue
1163 797 1299 863 scientia

84 906 182 971 fidem
206 921 358 984 evacuet,
389 921 444 973 aut
466 929 508 972 ex
529 909 644 973 animis
666 909 787 973 uostris
809 910 908 973 tollat.
931 906 1085 987 Quamvis
1109 905 1192 969 enim
1214 903 1296 967 fides

86 1025 121 1078 et
142 1013 278 1079 scientia
301 1015 388 1079 circa
411 1016 541 1078 easdem
574 1015 731 1080 veritates
761 1015 923 1079 revelatas
946 1024 1127 1088 versantur,
1148 1012 1296 1094 idemque

86 1121 185 1184 habet
200 1132 334 1205 utraque
355 1122 533 1207 objectum:
548 1133 655 1186 tamen
672 1122 804 1208 quaevis
817 1119 990 1184 earundem
1006 1117 1137 1203 proprio
1155 1114 1299 1180 innititur

88 1225 314 1300 fundamento,
337 1225 419 1290 fides
437 1226 589 1291 videlicet
608 1226 794 1292 auctoritati
818 1225 964 1299 divinae,
989 1223 1125 1288 scientia
1144 1242 1224 1285 vero
1248 1241 1300 1285 co·

89 1329 200 1416 gnitae
215 1330 360 1395 internae
381 1331 431 1395 rei
453 1331 569 1396 rationi
600 1353 639 1398 ac
666 1331 877 1416 necessitati3
902 1342 935 1394 et
963 1329 1037 1393 ideo
1071 1327 1132 1393 sibi
1163 1326 1302 1392 inuicem

88 1435 172 1499 haud
194 1447 394 1524 repugnant,
419 1438 477 1501 sed
497 1436 604 1520 potius
635 1459 671 1502 se
702 1437 841 1503 invicem
863 1436 997 1500 multum
1021 1434 1183 1518 adjuvant,
1207 1452 1302 1518 quum

89 1539 172 1604 fides
195 1541 351 1606 scientiae
373 1541 489 1607 afferat
510 1542 736 1607 certitudinem
759 1564 798 1616 ac
816 1541 1012 1616 firmitatem,
1037 1539 1172 1609 scientia
1195 1550 1303 1603 autem

91 1645 167 1710 fidei
189 1646 400 1726 alacritatem,
423 1668 484 1712 uec
507 1668 570 1711 nou
593 1651 750 1733 majorem
773 1647 1009 1719 eiiicacitatem.

554 1819 579 1902 t.
601 1818 637 1888 o.
659 1815 848 1888 Divisio.

177 1966 344 2035 Veritates
366 1973 554 2048 revelatae,
589 1994 668 2058 quas
689 1973 784 2037 uobis
806 1969 962 2039 Ecclesia
983 1970 1151 2036 Catholica
1174 1970 1238 2038 lide
1261 1970 1304 2035 di·

91 2074 165 2137 viua
186 2077 389 2160 recipiendas
412 2078 581 2162 proponit,
613 2078 797 2143 referuntur
827 2088 882 2141 aut
904 2078 944 2140 ad
965 2077 1072 2141 Deum
1094 2078 1217 2163 ipsum,
1251 2086 1306 2141 aut

91 2182 132 2243 ad
155 2182 225 2264 ejus
247 2202 366 2267 opera,
391 2194 423 2246 et
443 2184 646 2267 posteriores
667 2206 783 2247 rursus
805 2184 859 2246 vel
882 2183 921 2246 ad
941 2183 1091 2247 mundum
1114 2181 1305 2270 generatim,

92 2285 145 2348 vel
168 2285 335 2369 speciatim
358 2288 398 2350 ad
417 2301 564 2352 naturam
589 2288 784 2376 angelicam,
808 2289 977 2355 humanam
998 2300 1031 2352 et
1044 2286 1222 2373 physicam.
1237 2287 1307 2366 Qua

84 2402 226 2474 propter
248 2392 434 2480 Theologia
457 2395 639 2482 dogmatica
654 2400 719 2480 'pro
741 2395 848 2458 indole
872 2393 1055 2481 argumenti
1078 2392 1148 2467 sui,
1179 2392 1230 2457 cui
1253 2411 1307 2455 ue-

92 2496 239 2560 cessario
272 2498 512 2563 adcommodari
540 2501 654 2576 dehet,
681 2521 722 2564 ue
753 2519 853 2584 scopo
883 2521 942 2563 suo
973 2498 1075 2572 desit,
1114 2497 1147 2562 iu
1169 2497 1307 2585 quinque

93 2601 288 2685 dispescitur
309 2615 429 2688 partes.
454 2603 597 2682 Quarum

178 2711 207 2773 1.
230 2705 373 2770 continet
394 2707 635 2774 doctrinam
656 2710 702 2773 de
724 2708 833 2782 Deo;

176 2814 205 2877 ².
229 2812 274 2875 de
296 2813 443 2876 mundo
465 2812 506 2877 in
528 2832 703 2900 genere3

178 2919 208 2982 3.
231 2916 276 2979 de
298 2917 500 3006 Angelis3

178 3021 207 3085 lt.
230 3022 277 3085 de
299 3023 462 3087 homine
486 3035 520 3087 et

178 3129 207 3194 5.
229 3127 277 3191 de
299 3130 448 3194 mundo
470 3128 660 3214 physico.

98 3316 125 3398 ξ.
148 3313 187 3387 t.
208 3315 452 3387 succincta
474 3315 671 3388 historia
700 3313 980 3401 'theologiae
1009 3313 1307 3401 dogmaticae.

180 3466 373 3556 Priusquam
392 3473 432 3535 ad
447 3472 639 3556 exponenda
659 3469 827 3535 doctrinae
843 3469 1030 3534 Catholicae
1053 3470 1206 3558 dogmata
1221 3491 1311 3537 acee-

98 3575 230 3652 damus‚
262 3597 325 3640 uon
353 3577 411 3640 abs
443 3598 480 3640 re
514 3597 590 3642 esse
619 3577 766 3651 videtur,
788 3577 923 3640 brevem
960 3575 1147 3659 discipliuae
1179 3587 1311 3640 nostrae

100 3681 310 3764 praemittere
332 3682 509 3746 historiam.
525 3682 800 3760 Quemadmodum
816 3681 959 3766 reliquae
982 3680 1167 3765 discipliuae
1190 3682 1312 3747 theolo-

104 3787 214 3874 gicae,
246 3786 291 3851 ita
319 3799 352 3852 et
374 3787 561 3875 Theologia
583 3787 766 3876 dogmatica
788 3808 851 3851 non
878 3807 941 3850 uno
971 3786 1121 3851 contiuuo
1150 3787 1233 3853 culta
1262 3799 1315 3851 est

104 3894 219 3967 modo,
240 3914 343 3979 neque
371 3915 434 3959 una
456 3894 633 3980 eademque
663 3893 781 3958 tradita
804 3904 855 3957 est
881 3893 1052 3966 methodo,
1073 3893 1225 3978 ¹quamvis
1260 3895 1313 3957 do·

105 4010 213 4084 gmata
235 3998 402 4086 religionis
424 4010 558 4063 nostrae
587 4019 667 4084 quae
696 3997 748 4063 illa
775 3997 945 4084 proponit,
969 3999 1083 4063 eadem
1106 4020 1235 4085 semper
1255 3999 1312 4064 im·

104 4114 188 4167 mota
211 4123 250 4167 ac
270 4103 467 4169 inconcussa
489 4103 648 4169 steterint.

186 4207 281 4273 Licet
302 4219 408 4272 autem
429 4220 499 4274 tres
519 4209 669 4275 ,diversas
692 4207 869 4274 doctrinam
901 4206 977 4275 iidei
998 4210 1158 4276 tractandi
1188 4210 1310 4279 metho-

108 4309 163 4376 dos
187 4312 398 4401 distinguere,
421 4314 703 4400 patuisticam,
727 4316 1029 4382 scholasticam
1052 4329 1085 4383 et
1104 4315 1311 4384 recentio-

104 4467 358 4485 ψ

140 4531 162 4598 ¹)
183 4533 207 4585 1.
226 4531 291 4586 Gor.
311 4536 352 4594 1³,
372 4534 412 4585 tt.

140 4614 167 4684 ¹)
187 4623 209 4676 1.
228 4623 312 4680 dean.
329 4624 355 4688 ³,
373 4623 399 4676 2.
