2926 5168
172 247 237 313 356

173 399 316 481 ipsorum
338 394 554 460 conciliorum
570 395 852 460 oecumenicorum
866 394 1041 461 auctoritas
1063 408 1195 480 praesto
1214 408 1276 462 est.
1297 398 1376 465 Nam

174 502 368 586 synodus
390 500 418 564 E
426 499 603 584 phesiua
624 499 817 584 improbavit
839 501 1031 584 Symbolum
1050 502 1297 586 Nestoriutum,
1319 505 1378 570 sibi

173 628 193 671 a
214 604 364 673 charisio
388 606 536 680 oblatum,
558 606 591 670 in
613 626 674 691 quo
697 606 737 670 de
755 605 928 690 Spiritus.
951 606 1082 673 dicitur:
1106 612 1177 674 Sed
1187 596 1250 674 nee
1264 615 1379 676 uitam

172 717 262 777 illum
281 721 451 796 putamur,
480 734 584 799 aeque
608 734 667 791 per
687 713 809 775 main
840 717 1047 778 existentium
1074 717 1244 780 hammam
1267 724 1306 793 ι).
1337 716 1380 782 Et

172 831 343 906 praeterea
364 838 521 903 expresse
544 816 735 902 approbavit
751 827 901 902 tanquam
922 818 1100 889 catholicos
1122 833 1156 887 et
1177 823 1379 889 orthodoxos

173 923 458 991 anathematismos
481 924 515 986 S.
536 921 667 1007 cyrilli,
701 943 763 987 una
797 943 869 987 cum
897 922 999 1008 ipsius
1027 926 1317 1005 declarationibus,
1348 940 1381 994 et

172 1031 311 1118 epistola
341 1029 497 1114 synodica
520 1051 577 1093 suo
609 1040 643 1092 et
669 1027 770 1092 totius
801 1029 971 1095 Ecclesiae
1002 1031 1226 1118 Aegyptiacae
1252 1035 1379 1099 nomine

172 1139 246 1203 data
262 1138 302 1202 ad
311 1136 509 1210 Nestorium,
521 1135 604 1221 quod
613 1134 692 1199 item
707 1134 738 1198 in
754 1132 878 1199 Cone.
892 1133 1247 1203 chalcedonensi
1261 1139 1378 1205 factum

171 1255 230 1308 est
251 1243 288 1307 ln
310 1242 447 1328 epistola
477 1250 583 1305 autent
606 1238 659 1303 illa
688 1239 807 1304 haecce
838 1239 935 1304 habet
967 1241 1000 1311 S.
1029 1240 1184 1308 Praesul:
1212 1245 1300 1308 Nam
1322 1251 1380 1308 etsi

169 1353 309 1430 spiritua
329 1354 364 1410 in
383 1351 513 1430 propria
531 1365 672 1426 persam
693 1347 867 1417 subsistet,
896 1353 1093 1431 catenasque
1113 1352 1148 1412 ie
1169 1353 1278 1430 seipse
1299 1371 1378 1414 eon-

168 1457 339 1525 aidmtur,
362 1460 520 1536 quotenus
536 1451 688 1531 Spiritus,
712 1462 745 1514 et
763 1471 827 1513 non
848 1452 975 1534 latiam
996 1474 1062 1517 aaa
1082 1465 1132 1517 eet
1151 1463 1260 1519 tumea
1281 1459 1323 1520 ab
1342 1478 1379 1520 eo

170 1563 315 1641 aliem,-
345 1559 475 1641 quamlo
504 1558 629 1637 quidem
649 1556 791 1634 Spiritus
821 1560 967 1620 aerimis
994 1565 1202 1624 nominatur:
1235 1563 1378 1626 Chiam

170 1675 275 1730 autem
297 1673 348 1727 eat
366 1668 502 1741 ueritea,·
524 1668 554 1724 et
570 1664 705 1741 proinde
738 1682 898 1745 qaoque
919 1665 964 1726 ab
985 1666 1080 1741 illo,
1114 1670 1378 1749 atqueafleo

169 1781 299 1838 Putre
318 1770 518 1850 procedit
538 1767 573 1850 ²).
596 1768 632 1830 ln
654 1767 921 1833 anathematismo
938 1774 967 1834 9.
989 1769 1147 1853 Spiritum
1162 1772 1196 1835 S.
1219 1772 1376 1856 propri·

171 1899 231 1941 nm
256 1875 350 1940 Eilii
373 1885 489 1945 vocat,
518 1883 613 1957 atque
635 1871 667 1936 in
690 1872 907 1939 declaratione
937 1875 1084 1957 ejusdem
1116 1877 1373 1941 anathematismi

171 2003 235 2047 non
257 1982 362 2046 solunt
382 1978 499 2041 iterum
521 1976 675 2040 Filium
697 1976 956 2062 Spiritum&
972 1980 1199 2064 proprium
1219 1982 1376 2046 babere

170 2087 350 2173 profitetur,
366 2084 424 2147 sed
439 2093 551 2167 aperte
569 2083 609 2145 de
623 2102 662 2145 eo
679 2083 813 2146 asserit:
837 2085 913 2159 Oui
934 2106 984 2147 ex
1004 2093 1092 2164 ipso
1108 2096 1184 2167 eat,
1209 2092 1378 2171 ipsique

170 2191 472 2259 essentialiter
489 2194 603 2251 inest
628 2197 666 2264 8).
693 2188 781 2251 Nota
809 2208 908 2272 porro
936 2201 1007 2253 erat
1028 2189 1199 2256 Ecclesiae
1230 2192 1376 2257 orientali

168 2297 318 2385 Epistola
351 2292 599 2358 Hormisdac
628 2291 665 2354 P.
687 2290 727 2355 ad
749 2291 865 2375 lmpcr.
890 2292 1053 2358 lustinum
1082 2314 1109 2358 a.
1131 2299 1201 2364 521·
1236 2295 1375 2361 conscri-

168 2416 233 2490 pta,
255 2403 287 2465 in
305 2420 365 2486 qua
381 2400 463 2463 haec
481 2407 670 2461 occurrunt:
689 2397 807 2458 Notum
824 2404 880 2469 eet,
904 2402 981 2480 quie
999 2405 1163 2480 proprium
1185 2409 1237 2464 est
1256 2407 1374 2482 Putria,

167 2518 203 2575 ut
222 2516 395 2588 qeneruret
415 2505 555 2566 Eelium:
574 2507 739 2581 proprium
762 2503 857 2576 Filii,
879 2513 919 2565 ut
937 2524 981 2564 ea:
999 2505 1101 2568 Patre
1115 2507 1211 2569 Petri
1230 2528 1431 2571 meere—

167 2623 220 2676 tur
249 2612 413 2694 aequetis:
444 2606 608 2688 proprium
629 2611 766 2686 Spiritus
796 2613 846 2680 ἃ,
875 2615 912 2669 ut
946 2611 992 2671 de
1028 2609 1160 2674 Putre
1194 2619 1240 2674 ei
1268 2614 1429 2675 nativ

165 2718 409 2797 procederet
434 2715 495 2775 aab
522 2733 589 2774 uae
618 2715 796 2775 substantia
826 2715 954 2774 deitatis
984 2713 1021 2797 ⁴).
1049 2713 1121 2778 Nec
1153 2725 1262 2780 nmen
1294 2715 1446 2802 quia-

168 2842 262 2909 quam
284 2818 487 2885 Graecorum
510 2815 611 2880 movit
638 2816 811 2901 querelam.
845 2816 930 2880 Hinc
961 2827 995 2880 et
1015 2817 1181 2884 Armeni
1208 2819 1443 2886 nobiscun-

168 2926 319 3000 sentiunt,
343 2934 438 3008 atque
461 2932 574 2986 contra
598 2920 748 2986 Graecos
775 2921 979 2987 recentiores
1007 2923 1253 3007 processionem
1275 2925 1441 3012 spiri-—

167 3044 221 3097 tus
243 3053 261 3094 a
279 3031 379 3095 Patre
402 3039 435 3091 et
457 3027 537 3091 Filio
560 3026 731 3090 defendunt
754 3030 790 3105 ⁵).
813 3025 1021 3112 Quapropter

293 3135 331 3200 C.
353 3133 481 3198 nonnisi
503 3133 665 3217 antiquam
686 3131 783 3195 tidem
805 3151 844 3195 ac
865 3131 1037 3200 Ecclesiae
1069 3133 1250 3200 doctrinam
1278 3157 1438 3200 erun-

167 3243 227 3307 tiat
249 3240 483 3324 Symbolum
507 3234 857 3318 Athanasianum,
883 3239 967 3321 quod
989 3239 1103 3302 habet:
1126 3239 1273 3319 sipiritus
1293 3242 1330 3310 S.
1351 3256 1437 3302 u

167 3350 295 3414 Patre
317 3353 357 3408 et
376 3346 510 3406 netto.-
531 3363 593 3404 uon
611 3347 724 3422 factae
744 3362 804 3402 aee
825 3349 966 3422 creatae,
989 3364 1048 3405 aee
1060 3351 1198 3423 penitus,
1220 3353 1281 3409 aeri
1297 3367 1435 3424 ’πο-ν

167 3463 293 3518 cedens.
324 3451 395 3514 Nec
422 3469 487 3511 non
517 3449 652 3511 eandem
674 3447 813 3530 produnt
835 3445 980 3512 Concilia
1001 3447 1077 3526 itta,
1103 3469 1183 3533 quae
1217 3450 1432 3534 Symbola,

166 3559 312 3624 Nicaeno
336 3593 354 3605 -
378 3550 734 3636 Constantinopolitano
756 3549 946 3633 particulam
979 3551 1181 3633 adjecerunt,
1213 3565 1250 3618 ut
1271 3553 1428 3620 conc⁴

163 3784 411 3806 Μ

202 3917 226 3976 1)
245 3919 304 3966 Act.
324 3916 350 3963 5.
369 3914 469 3970 Eunus.
489 3909 581 3970 Spuri.
599 3909 707 3966 denras.
733 3907 765 3956 ln
783 3903 905 3956 Manui
923 3907 993 3958 Call.
1015 3907 1100 3960 Oeae.
1125 3903 1160 3962 ¹1¹.
1176 3905 1203 3956 u,
1221 3918 1245 3956 c.
1264 3903 1323 3958 tati
1338 3912 1380 3952 Β
1399 3926 1412 3943 ο

167 4005 205 4056 Et
223 4007 289 4065 spu.
308 4007 382 4053 decr.
401 4013 425 4049 c.
446 3998 510 4048 1361
530 4011 555 4046 a.

200 4091 224 4154 ²)
243 4109 270 4143 n.
291 4095 338 4141 10.
356 4089 400 4139 11).
419 4103 444 4139 c.
464 4088 538 4139 toto.

200 4177 284 4246 ³)1b.
303 4180 337 4231 Τ.
356 4182 382 4229 5.
401 4191 425 4227 e.
445 4179 486 4227 15.
505 4175 549 4228 Cf.
568 4175 674 4227 conc.
701 4174 836 4238 Ephes.
865 4181 920 4227 act.
948 4177 976 4226 1.
993 4175 1081 4232 ustie
1100 4175 1195 4235 Cerill-
1222 4168 1383 4225 auctior

168 4289 193 4324 a.
214 4276 261 4322 10.
281 4268 325 4323 lb.
345 4282 369 4319 c.
389 4270 464 4320 1079.
485 4266 592 4318 Cone.
613 4264 787 4315 chalced.
805 4272 859 4314 art.
879 4260 967 4314 1.1h.
988 4262 1022 4315 Τ.
1039 4266 1064 4313 6.
1086 4275 1111 4318 c.
1127 4263 1181 4315 660
1204 4277 1245 4315 ιι.
1262 4265 1313 4315 Aet.
1327 4257 1364 4306 2·

168 4375 193 4412 c,
211 4362 263 4412 aas
290 4375 315 4409 s.
343 4357 448 4408 cone.
474 4357 509 4408 v.
538 4356 643 4406 cren.
668 4354 704 4406 11,
731 4357 799 4406 corz.
827 4357 855 4403 e.
889 4362 915 4404 ei
939 4356 968 4405 e.
992 4349 1035 4403 n.
1062 4352 1096 4405 r.
1123 4355 1151 4404 o.
1176 4366 1205 4408 a.
1227 4343 1357 4405 aetati

165 4452 311 4501 aot-³88.

199 4537 226 4602 10)
244 4541 331 4596 nansi.
353 4541 399 4586 79.
418 4535 458 4585 ln
479 4536 511 4586 r.
530 4537 554 4584 a.
575 4545 599 4585 o.
618 4535 677 4583 521.
697 4532 730 4582 u.

204 4623 228 4689 5)
246 4626 290 4676 Cf.
312 4627 417 4677 conc.
438 4627 581 4676 Acmen.
597 4638 621 4672 a.
643 4623 717 4673 tate.
736 4621 777 4674 lb.
797 4622 828 4672 Τ.
847 4624 889 4673 25.
907 4635 932 4673 c.
950 4622 1023 4672 11⁸8.
