<?xml version="1.0" encoding="UTF-8"?>
<!DOCTYPE html PUBLIC "-//W3C//DTD XHTML 1.0 Transitional//EN"
    "http://www.w3.org/TR/xhtml1/DTD/xhtml1-transitional.dtd">
<html xmlns="http://www.w3.org/1999/xhtml" xml:lang="en" lang="en">
 <head>
  <title>
</title>
<meta http-equiv="Content-Type" content="text/html;charset=utf-8" />
  <meta name='ocr-system' content='tesseract 3.04.00' />
  <meta name='ocr-capabilities' content='ocr_page ocr_carea ocr_par ocr_line ocrx_word'/>
</head>
<body>
  <div class='ocr_page' id='page_1' title='image "./theologiadogmat01schwgoog_0390.png"; bbox 0 0 2926 5168; ppageno 0'>
   <div class='ocr_carea' id='block_1_1' title="bbox 119 223 1329 571">
    <p class='ocr_par' dir='ltr' id='par_1_1' title="bbox 119 223 1329 571">
     <span class='ocr_line' id='line_1_1' title="bbox 1265 223 1329 294; baseline 0 0"><span class='ocrx_word' id='word_1_1' title='bbox 1265 223 1329 294; x_wconf 73' lang='lat'><strong><em>³27</em></strong></span> 
     </span>
     <span class='ocr_line' id='line_1_2' title="bbox 119 375 1327 466; baseline -0.001 -22"><span class='ocrx_word' id='word_1_2' title='bbox 119 388 249 444; x_wconf 91' lang='lat' dir='ltr'><strong><em>taran.</em></strong></span> <span class='ocrx_word' id='word_1_3' title='bbox 273 376 329 443; x_wconf 90' lang='lat' dir='ltr'><strong><em>1v.</em></strong></span> <span class='ocrx_word' id='word_1_4' title='bbox 352 399 382 449; x_wconf 90' lang='lat' dir='ltr'><strong><em>a.</em></strong></span> <span class='ocrx_word' id='word_1_5' title='bbox 400 381 488 448; x_wconf 73' lang='lat'>1215.</span> <span class='ocrx_word' id='word_1_6' title='bbox 507 378 591 466; x_wconf 89' lang='lat' dir='ltr'><strong><em>quod</em></strong></span> <span class='ocrx_word' id='word_1_7' title='bbox 606 375 755 463; x_wconf 73' lang='lat' dir='ltr'><strong>incapite</strong></span> <span class='ocrx_word' id='word_1_8' title='bbox 775 375 906 463; x_wconf 88' lang='lat' dir='ltr'><strong><em>saepius</em></strong></span> <span class='ocrx_word' id='word_1_9' title='bbox 918 377 985 462; x_wconf 77' lang='lat' dir='ltr'><strong><em>Jum</em></strong></span> <span class='ocrx_word' id='word_1_10' title='bbox 1009 376 1107 442; x_wconf 89' lang='lat' dir='ltr'><strong><em>citato</em></strong></span> <span class='ocrx_word' id='word_1_11' title='bbox 1128 378 1167 442; x_wconf 90' lang='lat' dir='ltr'><strong><em>de</em></strong></span> <span class='ocrx_word' id='word_1_12' title='bbox 1192 378 1263 442; x_wconf 85' lang='lat' dir='ltr'><strong><em>Deo</em></strong></span> <span class='ocrx_word' id='word_1_13' title='bbox 1284 378 1327 443; x_wconf 91' lang='lat' dir='ltr'><strong><em>di·</em></strong></span> 
     </span>
     <span class='ocr_line' id='line_1_3' title="bbox 120 483 1327 571; baseline 0 -22"><span class='ocrx_word' id='word_1_14' title='bbox 120 483 180 560; x_wconf 91' lang='lat' dir='ltr'><strong><em>cit,</em></strong></span> <span class='ocrx_word' id='word_1_15' title='bbox 203 484 287 571; x_wconf 90' lang='lat' dir='ltr'><strong><em>quod</em></strong></span> <span class='ocrx_word' id='word_1_16' title='bbox 310 484 353 549; x_wconf 89' lang='lat' dir='ltr'><strong><em>sit</em></strong></span> <span class='ocrx_word' id='word_1_17' title='bbox 373 504 473 547; x_wconf 82' lang='lat' dir='ltr'><strong><em>onum</em></strong></span> <span class='ocrx_word' id='word_1_18' title='bbox 486 489 707 548; x_wconf 69' lang='lat' dir='ltr'><strong><em>ostensorum</em></strong></span> <span class='ocrx_word' id='word_1_19' title='bbox 723 485 935 564; x_wconf 84' lang='lat' dir='ltr'><strong><em>principium,</em></strong></span> <span class='ocrx_word' id='word_1_20' title='bbox 958 484 1091 548; x_wconf 75' lang='lat' dir='ltr'><strong><em>Creator</em></strong></span> <span class='ocrx_word' id='word_1_21' title='bbox 1112 490 1253 550; x_wconf 81' lang='lat' dir='ltr'><strong><em>omnium</em></strong></span> <span class='ocrx_word' id='word_1_22' title='bbox 1273 489 1327 549; x_wconf 90' lang='lat' dir='ltr'><strong><em>io·</em></strong></span> 
     </span>
    </p>
   </div>
   <div class='ocr_carea' id='block_1_2' title="bbox 116 591 1371 4254">
    <p class='ocr_par' dir='ltr' id='par_1_2' title="bbox 116 591 1371 2144">
     <span class='ocr_line' id='line_1_4' title="bbox 119 591 1329 672; baseline -0.001 -18"><span class='ocrx_word' id='word_1_23' title='bbox 119 592 291 654; x_wconf 75' lang='lat' dir='ltr'><strong><em>oioibitim</em></strong></span> <span class='ocrx_word' id='word_1_24' title='bbox 305 597 338 654; x_wconf 89' lang='lat' dir='ltr'><strong><em>et</em></strong></span> <span class='ocrx_word' id='word_1_25' title='bbox 351 592 519 653; x_wconf 71' lang='lat' dir='ltr'><strong><em>visibilium</em></strong></span> <span class='ocrx_word' id='word_1_26' title='bbox 526 635 538 669; x_wconf 87' lang='lat'><strong><em>,</em></strong></span> <span class='ocrx_word' id='word_1_27' title='bbox 561 591 772 669; x_wconf 80' lang='lat' dir='ltr'><strong><em>spirihcotium</em></strong></span> <span class='ocrx_word' id='word_1_28' title='bbox 789 595 821 650; x_wconf 91' lang='lat' dir='ltr'><strong><em>et</em></strong></span> <span class='ocrx_word' id='word_1_29' title='bbox 833 592 1056 666; x_wconf 72' lang='lat' dir='ltr'><strong><em>corporalium,</em></strong></span> <span class='ocrx_word' id='word_1_30' title='bbox 1078 595 1133 672; x_wconf 78' lang='lat' dir='ltr'><strong><em>qui</em></strong></span> <span class='ocrx_word' id='word_1_31' title='bbox 1151 610 1211 654; x_wconf 84' lang='lat' dir='ltr'><strong><em>eoo</em></strong></span> <span class='ocrx_word' id='word_1_32' title='bbox 1224 593 1329 653; x_wconf 85' lang='lat' dir='ltr'><strong><em>omni·</em></strong></span> 
     </span>
     <span class='ocr_line' id='line_1_5' title="bbox 116 695 1330 777; baseline -0.001 -19"><span class='ocrx_word' id='word_1_33' title='bbox 116 703 241 777; x_wconf 85' lang='lat' dir='ltr'><strong><em>potenti</em></strong></span> <span class='ocrx_word' id='word_1_34' title='bbox 270 699 385 758; x_wconf 76' lang='lat' dir='ltr'><strong><em>virtute</em></strong></span> <span class='ocrx_word' id='word_1_35' title='bbox 419 696 518 756; x_wconf 80' lang='lat' dir='ltr'><strong><em>eimtd</em></strong></span> <span class='ocrx_word' id='word_1_36' title='bbox 542 695 581 755; x_wconf 85' lang='lat' dir='ltr'><strong><em>cb</em></strong></span> <span class='ocrx_word' id='word_1_37' title='bbox 599 697 691 756; x_wconf 84' lang='lat' dir='ltr'><strong><em>initio</em></strong></span> <span class='ocrx_word' id='word_1_38' title='bbox 713 697 861 772; x_wconf 77' lang='lat' dir='ltr'><strong><em>temporie</em></strong></span> <span class='ocrx_word' id='word_1_39' title='bbox 888 702 1108 777; x_wconf 76' lang='lat' dir='ltr'><strong><em>utromque</em></strong></span> <span class='ocrx_word' id='word_1_40' title='bbox 1128 695 1176 756; x_wconf 85' lang='lat' dir='ltr'><strong><em>de</em></strong></span> <span class='ocrx_word' id='word_1_41' title='bbox 1196 697 1330 758; x_wconf 83' lang='lat' dir='ltr'><strong><em>nihile</em></strong></span> 
     </span>
     <span class='ocr_line' id='line_1_6' title="bbox 122 800 1328 881; baseline -0.003 -15"><span class='ocrx_word' id='word_1_42' title='bbox 122 804 309 866; x_wconf 75' lang='lat' dir='ltr'><strong><em>condidit</em></strong></span> <span class='ocrx_word' id='word_1_43' title='bbox 329 813 588 875; x_wconf 83' lang='lat' dir='ltr'><strong><em>creaturum,</em></strong></span> <span class='ocrx_word' id='word_1_44' title='bbox 611 803 876 881; x_wconf 84' lang='lat' dir='ltr'><strong><em>spirituatem</em></strong></span> <span class='ocrx_word' id='word_1_45' title='bbox 898 805 937 861; x_wconf 90' lang='lat' dir='ltr'><strong><em>et</em></strong></span> <span class='ocrx_word' id='word_1_46' title='bbox 956 801 1230 880; x_wconf 76' lang='lat' dir='ltr'><strong><em>corporalem,</em></strong></span> <span class='ocrx_word' id='word_1_47' title='bbox 1252 800 1328 864; x_wconf 83' lang='lat' dir='ltr'><strong><em>An-</em></strong></span> 
     </span>
     <span class='ocr_line' id='line_1_7' title="bbox 120 906 1329 988; baseline -0.001 -20"><span class='ocrx_word' id='word_1_48' title='bbox 120 912 257 987; x_wconf 74' lang='lat' dir='ltr'><strong><em>peticom</em></strong></span> <span class='ocrx_word' id='word_1_49' title='bbox 278 908 424 970; x_wconf 77' lang='lat' dir='ltr'><strong><em>videlicet</em></strong></span> <span class='ocrx_word' id='word_1_50' title='bbox 442 913 475 969; x_wconf 87' lang='lat' dir='ltr'><strong><em>et</em></strong></span> <span class='ocrx_word' id='word_1_51' title='bbox 487 913 691 981; x_wconf 80' lang='lat' dir='ltr'><strong><em>mundonem,</em></strong></span> <span class='ocrx_word' id='word_1_52' title='bbox 705 926 745 967; x_wconf 89' lang='lat' dir='ltr'><strong><em>oc</em></strong></span> <span class='ocrx_word' id='word_1_53' title='bbox 761 906 874 968; x_wconf 66' lang='lat' dir='ltr'><strong><em>Molle</em></strong></span> <span class='ocrx_word' id='word_1_54' title='bbox 888 911 1060 968; x_wconf 76' lang='lat' dir='ltr'><strong><em>huroooam</em></strong></span> <span class='ocrx_word' id='word_1_55' title='bbox 1077 909 1172 988; x_wconf 81' lang='lat' dir='ltr'><strong><em>pooei</em></strong></span> <span class='ocrx_word' id='word_1_56' title='bbox 1188 925 1329 968; x_wconf 87' lang='lat' dir='ltr'><strong><em>commu-</em></strong></span> 
     </span>
     <span class='ocr_line' id='line_1_8' title="bbox 122 1009 1330 1096; baseline -0.001 -20"><span class='ocrx_word' id='word_1_57' title='bbox 122 1033 196 1076; x_wconf 84' lang='lat' dir='ltr'><strong><em>nem</em></strong></span> <span class='ocrx_word' id='word_1_58' title='bbox 209 1033 253 1075; x_wconf 75' lang='lat' dir='ltr'><strong><em>ec</em></strong></span> <span class='ocrx_word' id='word_1_59' title='bbox 265 1014 381 1091; x_wconf 85' lang='lat' dir='ltr'><strong><em>spiritu</em></strong></span> <span class='ocrx_word' id='word_1_60' title='bbox 396 1023 429 1075; x_wconf 86' lang='lat' dir='ltr'><strong><em>et</em></strong></span> <span class='ocrx_word' id='word_1_61' title='bbox 444 1031 575 1090; x_wconf 83' lang='lat' dir='ltr'><strong><em>corpore</em></strong></span> <span class='ocrx_word' id='word_1_62' title='bbox 587 1015 789 1074; x_wconf 80' lang='lat' dir='ltr'><strong><em>constitutam</em></strong></span> <span class='ocrx_word' id='word_1_63' title='bbox 801 1009 835 1094; x_wconf 90' lang='lat'><strong><em>¹).</em></strong></span> <span class='ocrx_word' id='word_1_64' title='bbox 853 1009 913 1076; x_wconf 88' lang='lat' dir='ltr'><strong><em>Ubi</em></strong></span> <span class='ocrx_word' id='word_1_65' title='bbox 938 1010 1083 1075; x_wconf 89' lang='lat' dir='ltr'><strong><em>addendo</em></strong></span> <span class='ocrx_word' id='word_1_66' title='bbox 1094 1009 1282 1096; x_wconf 74' lang='lat' dir='ltr'><strong><em>particulam</em></strong></span> <span class='ocrx_word' id='word_1_67' title='bbox 1292 1012 1330 1074; x_wconf 88' lang='lat' dir='ltr'><strong><em>de</em></strong></span> 
     </span>
     <span class='ocr_line' id='line_1_9' title="bbox 121 1114 1332 1202; baseline 0 -22"><span class='ocrx_word' id='word_1_68' title='bbox 121 1120 223 1181; x_wconf 80' lang='lat' dir='ltr'><strong><em>othito</em></strong></span> <span class='ocrx_word' id='word_1_69' title='bbox 239 1116 374 1180; x_wconf 88' lang='lat' dir='ltr'><strong><em>verbum</em></strong></span> <span class='ocrx_word' id='word_1_70' title='bbox 388 1118 529 1180; x_wconf 84' lang='lat' dir='ltr'><strong><em>condidit</em></strong></span> <span class='ocrx_word' id='word_1_71' title='bbox 543 1117 672 1180; x_wconf 91' lang='lat' dir='ltr'><strong><em>devera</em></strong></span> <span class='ocrx_word' id='word_1_72' title='bbox 688 1126 723 1179; x_wconf 88' lang='lat' dir='ltr'><strong><em>et</em></strong></span> <span class='ocrx_word' id='word_1_73' title='bbox 736 1114 867 1202; x_wconf 86' lang='lat' dir='ltr'><strong><em>propria</em></strong></span> <span class='ocrx_word' id='word_1_74' title='bbox 880 1114 1046 1181; x_wconf 87' lang='lat' dir='ltr'><strong><em>creatione</em></strong></span> <span class='ocrx_word' id='word_1_75' title='bbox 1065 1115 1156 1201; x_wconf 85' lang='lat' dir='ltr'><strong><em>quasi</em></strong></span> <span class='ocrx_word' id='word_1_76' title='bbox 1174 1137 1233 1202; x_wconf 87' lang='lat' dir='ltr'><strong><em>per</em></strong></span> <span class='ocrx_word' id='word_1_77' title='bbox 1257 1115 1332 1180; x_wconf 88' lang='lat' dir='ltr'><strong><em>deli·</em></strong></span> 
     </span>
     <span class='ocr_line' id='line_1_10' title="bbox 122 1220 1342 1311; baseline -0.002 -23"><span class='ocrx_word' id='word_1_78' title='bbox 122 1221 277 1288; x_wconf 85' lang='lat' dir='ltr'><strong><em>uitionem</em></strong></span> <span class='ocrx_word' id='word_1_79' title='bbox 296 1221 488 1307; x_wconf 87' lang='lat' dir='ltr'><strong><em>explicavit;</em></strong></span> <span class='ocrx_word' id='word_1_80' title='bbox 511 1233 543 1286; x_wconf 89' lang='lat' dir='ltr'><strong><em>et</em></strong></span> <span class='ocrx_word' id='word_1_81' title='bbox 560 1222 784 1311; x_wconf 84' lang='lat' dir='ltr'><strong><em>conjungendo</em></strong></span> <span class='ocrx_word' id='word_1_82' title='bbox 802 1235 970 1307; x_wconf 72' lang='lat' dir='ltr'><strong><em>unamque</em></strong></span> <span class='ocrx_word' id='word_1_83' title='bbox 989 1233 1142 1286; x_wconf 82' lang='lat' dir='ltr'><strong><em>naturam</em></strong></span> <span class='ocrx_word' id='word_1_84' title='bbox 1164 1220 1196 1286; x_wconf 94' lang='lat' dir='ltr'><strong><em>id</em></strong></span> <span class='ocrx_word' id='word_1_85' title='bbox 1226 1220 1342 1310; x_wconf 79' lang='lat' dir='ltr'><strong><em>magis</em></strong></span> 
     </span>
     <span class='ocr_line' id='line_1_11' title="bbox 124 1325 1332 1414; baseline -0.002 -21"><span class='ocrx_word' id='word_1_86' title='bbox 124 1325 313 1393; x_wconf 78' lang='lat' dir='ltr'><strong><em>declaravit.</em></strong></span> <span class='ocrx_word' id='word_1_87' title='bbox 335 1327 398 1392; x_wconf 84' lang='lat' dir='ltr'><strong><em>Est</em></strong></span> <span class='ocrx_word' id='word_1_88' title='bbox 422 1327 507 1392; x_wconf 88' lang='lat' dir='ltr'><strong><em>enim</em></strong></span> <span class='ocrx_word' id='word_1_89' title='bbox 536 1327 669 1392; x_wconf 87' lang='lat' dir='ltr'><strong><em>evidens</em></strong></span> <span class='ocrx_word' id='word_1_90' title='bbox 690 1328 889 1414; x_wconf 88' lang='lat' dir='ltr'><strong><em>spiritualem</em></strong></span> <span class='ocrx_word' id='word_1_91' title='bbox 918 1337 1101 1392; x_wconf 88' lang='lat' dir='ltr'><strong><em>creaturam</em></strong></span> <span class='ocrx_word' id='word_1_92' title='bbox 1126 1326 1251 1391; x_wconf 89' lang='lat' dir='ltr'><strong><em>nonnisi</em></strong></span> <span class='ocrx_word' id='word_1_93' title='bbox 1273 1347 1332 1414; x_wconf 88' lang='lat' dir='ltr'><strong><em>per</em></strong></span> 
     </span>
     <span class='ocr_line' id='line_1_12' title="bbox 127 1430 1332 1519; baseline -0.002 -21"><span class='ocrx_word' id='word_1_94' title='bbox 127 1432 294 1519; x_wconf 82' lang='lat' dir='ltr'><strong><em>propriam</em></strong></span> <span class='ocrx_word' id='word_1_95' title='bbox 315 1433 516 1500; x_wconf 83' lang='lat' dir='ltr'><strong><em>creationem</em></strong></span> <span class='ocrx_word' id='word_1_96' title='bbox 533 1430 680 1518; x_wconf 89' lang='lat' dir='ltr'><strong><em>potuisse</em></strong></span> <span class='ocrx_word' id='word_1_97' title='bbox 697 1433 850 1518; x_wconf 91' lang='lat' dir='ltr'><strong><em>produci;</em></strong></span> <span class='ocrx_word' id='word_1_98' title='bbox 873 1453 945 1499; x_wconf 87' lang='lat' dir='ltr'><strong><em>curn</em></strong></span> <span class='ocrx_word' id='word_1_99' title='bbox 969 1443 1076 1496; x_wconf 89' lang='lat' dir='ltr'><strong><em>autem</em></strong></span> <span class='ocrx_word' id='word_1_100' title='bbox 1099 1432 1215 1496; x_wconf 90' lang='lat' dir='ltr'><strong><em>eodem</em></strong></span> <span class='ocrx_word' id='word_1_101' title='bbox 1239 1453 1332 1518; x_wconf 87' lang='lat' dir='ltr'><strong><em>pror·</em></strong></span> 
     </span>
     <span class='ocr_line' id='line_1_13' title="bbox 125 1537 1331 1624; baseline -0.001 -21"><span class='ocrx_word' id='word_1_102' title='bbox 125 1561 181 1604; x_wconf 91' lang='lat' dir='ltr'><strong><em>sus</em></strong></span> <span class='ocrx_word' id='word_1_103' title='bbox 207 1540 303 1603; x_wconf 92' lang='lat' dir='ltr'><strong><em>modo</em></strong></span> <span class='ocrx_word' id='word_1_104' title='bbox 334 1548 500 1624; x_wconf 81' lang='lat' dir='ltr'><strong><em>utramque</em></strong></span> <span class='ocrx_word' id='word_1_105' title='bbox 528 1549 674 1603; x_wconf 86' lang='lat' dir='ltr'><strong><em>naturam</em></strong></span> <span class='ocrx_word' id='word_1_106' title='bbox 695 1538 857 1606; x_wconf 87' lang='lat' dir='ltr'><strong><em>conditam</em></strong></span> <span class='ocrx_word' id='word_1_107' title='bbox 880 1559 957 1604; x_wconf 89' lang='lat' dir='ltr'><strong><em>esse</em></strong></span> <span class='ocrx_word' id='word_1_108' title='bbox 981 1537 1162 1604; x_wconf 81' lang='lat' dir='ltr'><strong><em>Concilium</em></strong></span> <span class='ocrx_word' id='word_1_109' title='bbox 1192 1548 1331 1610; x_wconf 89' lang='lat' dir='ltr'><strong><em>statuat,</em></strong></span> 
     </span>
     <span class='ocr_line' id='line_1_14' title="bbox 124 1643 1371 1730; baseline -0.003 -22"><span class='ocrx_word' id='word_1_110' title='bbox 124 1643 323 1730; x_wconf 88' lang='lat' dir='ltr'><strong><em>spiritualem</em></strong></span> <span class='ocrx_word' id='word_1_111' title='bbox 341 1658 372 1709; x_wconf 87' lang='lat' dir='ltr'><strong><em>et</em></strong></span> <span class='ocrx_word' id='word_1_112' title='bbox 384 1646 603 1729; x_wconf 85' lang='lat' dir='ltr'><strong><em>corporalem:</em></strong></span> <span class='ocrx_word' id='word_1_113' title='bbox 627 1645 850 1729; x_wconf 86' lang='lat' dir='ltr'><strong><em>huncquoque</em></strong></span> <span class='ocrx_word' id='word_1_114' title='bbox 867 1663 910 1707; x_wconf 87' lang='lat' dir='ltr'><strong><em>ex</em></strong></span> <span class='ocrx_word' id='word_1_115' title='bbox 924 1643 1023 1708; x_wconf 83' lang='lat' dir='ltr'><strong><em>nihilo</em></strong></span> <span class='ocrx_word' id='word_1_116' title='bbox 1040 1644 1230 1728; x_wconf 85' lang='lat' dir='ltr'><strong><em>productam</em></strong></span> <span class='ocrx_word' id='word_1_117' title='bbox 1240 1663 1327 1717; x_wconf 87' lang='lat' dir='ltr'><strong><em>esse,</em></strong></span> <span class='ocrx_word' id='word_1_118' title='bbox 1369 1700 1371 1704; x_wconf 87' lang='lat'>.</span> 
     </span>
     <span class='ocr_line' id='line_1_15' title="bbox 126 1747 1335 1816; baseline -0.002 -2"><span class='ocrx_word' id='word_1_119' title='bbox 126 1769 299 1816; x_wconf 77' lang='lat' dir='ltr'><strong><em>necessum</em></strong></span> <span class='ocrx_word' id='word_1_120' title='bbox 313 1748 473 1815; x_wconf 82' lang='lat' dir='ltr'><strong><em>estUnde</em></strong></span> <span class='ocrx_word' id='word_1_121' title='bbox 493 1761 526 1813; x_wconf 92' lang='lat' dir='ltr'><strong><em>et</em></strong></span> <span class='ocrx_word' id='word_1_122' title='bbox 548 1747 847 1814; x_wconf 77' lang='lat' dir='ltr'><strong><em>catechismus</em></strong></span> <span class='ocrx_word' id='word_1_123' title='bbox 869 1748 984 1815; x_wconf 84' lang='lat' dir='ltr'><strong><em>Rom.</em></strong></span> <span class='ocrx_word' id='word_1_124' title='bbox 1009 1749 1119 1814; x_wconf 82' lang='lat' dir='ltr'><strong><em>habet:</em></strong></span> <span class='ocrx_word' id='word_1_125' title='bbox 1141 1751 1232 1812; x_wconf 83' lang='lat' dir='ltr'><strong><em>Deus</em></strong></span> <span class='ocrx_word' id='word_1_126' title='bbox 1248 1754 1335 1814; x_wconf 79' lang='lat' dir='ltr'><strong><em>enim</em></strong></span> 
     </span>
     <span class='ocr_line' id='line_1_16' title="bbox 126 1856 1333 1937; baseline -0.002 -19"><span class='ocrx_word' id='word_1_127' title='bbox 126 1875 203 1918; x_wconf 84' lang='lat' dir='ltr'><strong><em>noo</em></strong></span> <span class='ocrx_word' id='word_1_128' title='bbox 225 1876 279 1919; x_wconf 74' lang='lat' dir='ltr'><strong><em>eo</em></strong></span> <span class='ocrx_word' id='word_1_129' title='bbox 299 1862 475 1918; x_wconf 80' lang='lat' dir='ltr'><strong><em>moterlo</em></strong></span> <span class='ocrx_word' id='word_1_130' title='bbox 497 1858 641 1937; x_wconf 83' lang='lat' dir='ltr'><strong><em>utiquo</em></strong></span> <span class='ocrx_word' id='word_1_131' title='bbox 662 1861 814 1918; x_wconf 80' lang='lat' dir='ltr'><strong><em>mondum</em></strong></span> <span class='ocrx_word' id='word_1_132' title='bbox 831 1856 1018 1929; x_wconf 78' lang='lat' dir='ltr'><strong><em>fabricotulr</em></strong></span> <span class='ocrx_word' id='word_1_133' title='bbox 1033 1862 1100 1930; x_wconf 84' lang='lat' dir='ltr'><strong><em>eet,</em></strong></span> <span class='ocrx_word' id='word_1_134' title='bbox 1124 1856 1182 1915; x_wconf 82' lang='lat' dir='ltr'><strong><em>sed</em></strong></span> <span class='ocrx_word' id='word_1_135' title='bbox 1201 1873 1250 1916; x_wconf 75' lang='lat' dir='ltr'><strong><em>eo</em></strong></span> <span class='ocrx_word' id='word_1_136' title='bbox 1271 1856 1333 1916; x_wconf 85' lang='lat' dir='ltr'><strong><em>ni·</em></strong></span> 
     </span>
     <span class='ocr_line' id='line_1_17' title="bbox 127 1958 1361 2042; baseline -0.002 -21"><span class='ocrx_word' id='word_1_137' title='bbox 127 1960 217 2023; x_wconf 84' lang='lat' dir='ltr'><strong><em>hilo</em></strong></span> <span class='ocrx_word' id='word_1_138' title='bbox 238 1964 420 2040; x_wconf 84' lang='lat' dir='ltr'><strong><em>oreooit,·</em></strong></span> <span class='ocrx_word' id='word_1_139' title='bbox 440 1962 535 2042; x_wconf 83' lang='lat' dir='ltr'><strong><em>idque</em></strong></span> <span class='ocrx_word' id='word_1_140' title='bbox 554 1960 672 2022; x_wconf 82' lang='lat' dir='ltr'><strong><em>mutto</em></strong></span> <span class='ocrx_word' id='word_1_141' title='bbox 692 1965 730 2022; x_wconf 92' lang='lat' dir='ltr'><strong><em>oi</em></strong></span> <span class='ocrx_word' id='word_1_142' title='bbox 751 1958 826 2040; x_wconf 61' lang='lat' dir='ltr'><strong><em>ant</em></strong></span> <span class='ocrx_word' id='word_1_143' title='bbox 843 1965 1111 2022; x_wconf 80' lang='lat' dir='ltr'><strong><em>necessitate</em></strong></span> <span class='ocrx_word' id='word_1_144' title='bbox 1140 1965 1361 2031; x_wconf 82' lang='lat' dir='ltr'><strong><em>coactus,-</em></strong></span> 
     </span>
     <span class='ocr_line' id='line_1_18' title="bbox 130 2065 1025 2144; baseline -0.002 -17"><span class='ocrx_word' id='word_1_145' title='bbox 130 2065 193 2127; x_wconf 82' lang='lat' dir='ltr'><strong><em>ced</em></strong></span> <span class='ocrx_word' id='word_1_146' title='bbox 209 2085 287 2127; x_wconf 80' lang='lat' dir='ltr'><strong><em>suo</em></strong></span> <span class='ocrx_word' id='word_1_147' title='bbox 307 2070 456 2144; x_wconf 78' lang='lat' dir='ltr'><strong><em>sponte</em></strong></span> <span class='ocrx_word' id='word_1_148' title='bbox 476 2072 509 2126; x_wconf 89' lang='lat' dir='ltr'><strong><em>et</em></strong></span> <span class='ocrx_word' id='word_1_149' title='bbox 527 2070 747 2127; x_wconf 81' lang='lat' dir='ltr'><strong><em>volumtate</em></strong></span> <span class='ocrx_word' id='word_1_150' title='bbox 767 2066 967 2127; x_wconf 80' lang='lat' dir='ltr'><strong><em>instituit</em></strong></span> <span class='ocrx_word' id='word_1_151' title='bbox 986 2070 1025 2139; x_wconf 79' lang='lat'><strong><em>²).</em></strong></span> 
     </span>
    </p>

    <p class='ocr_par' dir='ltr' id='par_1_3' title="bbox 129 2165 1344 3620">
     <span class='ocr_line' id='line_1_19' title="bbox 211 2165 1335 2255; baseline -0.001 -23"><span class='ocrx_word' id='word_1_152' title='bbox 211 2165 252 2232; x_wconf 86' lang='grc' dir='ltr'><strong><em>Ε.</em></strong></span> <span class='ocrx_word' id='word_1_153' title='bbox 281 2166 352 2233; x_wconf 91' lang='lat' dir='ltr'><strong><em>Nec</em></strong></span> <span class='ocrx_word' id='word_1_154' title='bbox 378 2189 442 2232; x_wconf 92' lang='lat' dir='ltr'><strong><em>non</em></strong></span> <span class='ocrx_word' id='word_1_155' title='bbox 469 2168 598 2233; x_wconf 88' lang='lat' dir='ltr'><strong><em>tandem</em></strong></span> <span class='ocrx_word' id='word_1_156' title='bbox 626 2168 712 2232; x_wconf 90' lang='lat' dir='ltr'><strong><em>idem</em></strong></span> <span class='ocrx_word' id='word_1_157' title='bbox 756 2187 835 2230; x_wconf 91' lang='lat' dir='ltr'><strong><em>sana</em></strong></span> <span class='ocrx_word' id='word_1_158' title='bbox 862 2166 977 2231; x_wconf 92' lang='lat' dir='ltr'><strong><em>ratio</em></strong></span> <span class='ocrx_word' id='word_1_159' title='bbox 1011 2177 1154 2231; x_wconf 84' lang='lat' dir='ltr'><strong><em>statuere</em></strong></span> <span class='ocrx_word' id='word_1_160' title='bbox 1197 2166 1335 2255; x_wconf 82' lang='lat' dir='ltr'><strong><em>cogitur.</em></strong></span> 
     </span>
     <span class='ocr_line' id='line_1_20' title="bbox 129 2271 1335 2357; baseline 0 -22"><span class='ocrx_word' id='word_1_161' title='bbox 129 2272 212 2335; x_wconf 81' lang='lat' dir='ltr'><strong><em>Num</em></strong></span> <span class='ocrx_word' id='word_1_162' title='bbox 231 2272 367 2336; x_wconf 90' lang='lat' dir='ltr'><strong><em>mundus</em></strong></span> <span class='ocrx_word' id='word_1_163' title='bbox 379 2272 441 2346; x_wconf 91' lang='lat' dir='ltr'><strong><em>hic,</em></strong></span> <span class='ocrx_word' id='word_1_164' title='bbox 454 2285 490 2337; x_wconf 94' lang='lat' dir='ltr'><strong><em>ut</em></strong></span> <span class='ocrx_word' id='word_1_165' title='bbox 500 2274 568 2357; x_wconf 88' lang='lat' dir='ltr'><strong><em>jam</em></strong></span> <span class='ocrx_word' id='word_1_166' title='bbox 585 2293 628 2337; x_wconf 89' lang='lat' dir='ltr'><strong><em>ex</em></strong></span> <span class='ocrx_word' id='word_1_167' title='bbox 644 2271 828 2336; x_wconf 87' lang='lat' dir='ltr'><strong><em>testimonio</em></strong></span> <span class='ocrx_word' id='word_1_168' title='bbox 844 2289 962 2335; x_wconf 87' lang='lat' dir='ltr'><strong><em>sensus</em></strong></span> <span class='ocrx_word' id='word_1_169' title='bbox 979 2271 1084 2336; x_wconf 83' lang='lat' dir='ltr'><strong><em>nostri</em></strong></span> <span class='ocrx_word' id='word_1_170' title='bbox 1099 2271 1212 2346; x_wconf 90' lang='lat' dir='ltr'><strong><em>intimi,</em></strong></span> <span class='ocrx_word' id='word_1_171' title='bbox 1234 2292 1335 2357; x_wconf 87' lang='lat' dir='ltr'><strong><em>porro</em></strong></span> 
     </span>
     <span class='ocr_line' id='line_1_21' title="bbox 129 2374 1339 2462; baseline 0 -22"><span class='ocrx_word' id='word_1_172' title='bbox 129 2397 172 2440; x_wconf 87' lang='lat' dir='ltr'><strong><em>ex</em></strong></span> <span class='ocrx_word' id='word_1_173' title='bbox 197 2374 423 2440; x_wconf 79' lang='lat' dir='ltr'><strong><em>mutationibus</em></strong></span> <span class='ocrx_word' id='word_1_174' title='bbox 456 2375 633 2450; x_wconf 85' lang='lat' dir='ltr'><strong><em>continuis,</em></strong></span> <span class='ocrx_word' id='word_1_175' title='bbox 666 2390 699 2441; x_wconf 88' lang='lat' dir='ltr'><strong><em>et</em></strong></span> <span class='ocrx_word' id='word_1_176' title='bbox 738 2375 865 2462; x_wconf 87' lang='lat' dir='ltr'><strong><em>quidem</em></strong></span> <span class='ocrx_word' id='word_1_177' title='bbox 902 2397 965 2441; x_wconf 94' lang='lat' dir='ltr'><strong><em>non</em></strong></span> <span class='ocrx_word' id='word_1_178' title='bbox 985 2388 1108 2442; x_wconf 90' lang='lat' dir='ltr'><strong><em>tantum</em></strong></span> <span class='ocrx_word' id='word_1_179' title='bbox 1134 2375 1270 2441; x_wconf 87' lang='lat' dir='ltr'><strong><em>internis</em></strong></span> <span class='ocrx_word' id='word_1_180' title='bbox 1300 2397 1339 2440; x_wconf 90' lang='lat' dir='ltr'><strong><em>ac</em></strong></span> 
     </span>
     <span class='ocr_line' id='line_1_22' title="bbox 129 2480 1337 2568; baseline 0.002 -24"><span class='ocrx_word' id='word_1_181' title='bbox 129 2480 203 2567; x_wconf 84' lang='lat' dir='ltr'><strong><em>ipsu</em></strong></span> <span class='ocrx_word' id='word_1_182' title='bbox 216 2491 331 2545; x_wconf 90' lang='lat' dir='ltr'><strong><em>natura</em></strong></span> <span class='ocrx_word' id='word_1_183' title='bbox 343 2480 460 2556; x_wconf 90' lang='lat' dir='ltr'><strong><em>insitis,</em></strong></span> <span class='ocrx_word' id='word_1_184' title='bbox 482 2484 541 2546; x_wconf 87' lang='lat' dir='ltr'><strong><em>sed</em></strong></span> <span class='ocrx_word' id='word_1_185' title='bbox 562 2493 595 2547; x_wconf 88' lang='lat' dir='ltr'><strong><em>et</em></strong></span> <span class='ocrx_word' id='word_1_186' title='bbox 612 2481 758 2547; x_wconf 86' lang='lat' dir='ltr'><strong><em>externis</em></strong></span> <span class='ocrx_word' id='word_1_187' title='bbox 774 2502 813 2547; x_wconf 84' lang='lat' dir='ltr'><strong><em>ac</em></strong></span> <span class='ocrx_word' id='word_1_188' title='bbox 834 2481 1026 2558; x_wconf 85' lang='lat' dir='ltr'><strong><em>arbitrariis,</em></strong></span> <span class='ocrx_word' id='word_1_189' title='bbox 1049 2482 1163 2568; x_wconf 90' lang='lat' dir='ltr'><strong><em>quibus</em></strong></span> <span class='ocrx_word' id='word_1_190' title='bbox 1181 2503 1237 2546; x_wconf 85' lang='lat' dir='ltr'><strong><em>res</em></strong></span> <span class='ocrx_word' id='word_1_191' title='bbox 1249 2503 1337 2546; x_wconf 92' lang='lat' dir='ltr'><strong><em>mun·</em></strong></span> 
     </span>
     <span class='ocr_line' id='line_1_23' title="bbox 131 2585 1339 2672; baseline -0.001 -22"><span class='ocrx_word' id='word_1_192' title='bbox 131 2585 207 2650; x_wconf 91' lang='lat' dir='ltr'><strong><em>dum</em></strong></span> <span class='ocrx_word' id='word_1_193' title='bbox 226 2585 459 2651; x_wconf 86' lang='lat' dir='ltr'><strong><em>constituentes</em></strong></span> <span class='ocrx_word' id='word_1_194' title='bbox 474 2586 695 2672; x_wconf 70' lang='lat' dir='ltr'><strong><em>subjiciuntur,</em></strong></span> <span class='ocrx_word' id='word_1_195' title='bbox 719 2606 780 2652; x_wconf 92' lang='lat' dir='ltr'><strong><em>nec</em></strong></span> <span class='ocrx_word' id='word_1_196' title='bbox 797 2607 861 2651; x_wconf 91' lang='lat' dir='ltr'><strong><em>non</em></strong></span> <span class='ocrx_word' id='word_1_197' title='bbox 880 2606 924 2651; x_wconf 87' lang='lat' dir='ltr'><strong><em>ex</em></strong></span> <span class='ocrx_word' id='word_1_198' title='bbox 943 2587 1056 2652; x_wconf 83' lang='lat' dir='ltr'><strong><em>harum</em></strong></span> <span class='ocrx_word' id='word_1_199' title='bbox 1073 2585 1191 2650; x_wconf 91' lang='lat' dir='ltr'><strong><em>linibus</em></strong></span> <span class='ocrx_word' id='word_1_200' title='bbox 1207 2607 1245 2652; x_wconf 93' lang='lat' dir='ltr'><strong><em>ac</em></strong></span> <span class='ocrx_word' id='word_1_201' title='bbox 1261 2586 1339 2651; x_wconf 83' lang='lat' dir='ltr'><strong><em>limt-</em></strong></span> 
     </span>
     <span class='ocr_line' id='line_1_24' title="bbox 132 2689 1340 2781; baseline 0.001 -27"><span class='ocrx_word' id='word_1_202' title='bbox 132 2690 218 2754; x_wconf 85' lang='lat' dir='ltr'><strong><em>tibus</em></strong></span> <span class='ocrx_word' id='word_1_203' title='bbox 231 2690 420 2755; x_wconf 90' lang='lat' dir='ltr'><strong><em>necessario</em></strong></span> <span class='ocrx_word' id='word_1_204' title='bbox 436 2692 617 2780; x_wconf 80' lang='lat' dir='ltr'><strong><em>colligitur,</em></strong></span> <span class='ocrx_word' id='word_1_205' title='bbox 641 2704 693 2757; x_wconf 87' lang='lat' dir='ltr'><strong><em>est</em></strong></span> <span class='ocrx_word' id='word_1_206' title='bbox 707 2692 920 2781; x_wconf 74' lang='lat' dir='ltr'><strong><em>contingens,</em></strong></span> <span class='ocrx_word' id='word_1_207' title='bbox 944 2691 996 2778; x_wconf 89' lang='lat' dir='ltr'><strong><em>qui</em></strong></span> <span class='ocrx_word' id='word_1_208' title='bbox 1014 2689 1110 2756; x_wconf 83' lang='lat' dir='ltr'><strong><em>etiam</em></strong></span> <span class='ocrx_word' id='word_1_209' title='bbox 1139 2702 1250 2777; x_wconf 90' lang='lat' dir='ltr'><strong><em>potest</em></strong></span> <span class='ocrx_word' id='word_1_210' title='bbox 1276 2712 1340 2756; x_wconf 91' lang='lat' dir='ltr'><strong><em>non</em></strong></span> 
     </span>
     <span class='ocr_line' id='line_1_25' title="bbox 133 2794 1342 2884; baseline 0 -25"><span class='ocrx_word' id='word_1_211' title='bbox 133 2794 294 2866; x_wconf 83' lang='lat' dir='ltr'><strong><em>existere,</em></strong></span> <span class='ocrx_word' id='word_1_212' title='bbox 317 2816 376 2860; x_wconf 88' lang='lat' dir='ltr'><strong><em>seu</em></strong></span> <span class='ocrx_word' id='word_1_213' title='bbox 395 2797 479 2861; x_wconf 90' lang='lat' dir='ltr'><strong><em>haud</em></strong></span> <span class='ocrx_word' id='word_1_214' title='bbox 491 2797 708 2866; x_wconf 86' lang='lat' dir='ltr'><strong><em>necessarius.</em></strong></span> <span class='ocrx_word' id='word_1_215' title='bbox 731 2797 867 2878; x_wconf 76' lang='lat' dir='ltr'><strong><em>Quodsi</em></strong></span> <span class='ocrx_word' id='word_1_216' title='bbox 881 2818 961 2862; x_wconf 89' lang='lat' dir='ltr'><strong><em>vero</em></strong></span> <span class='ocrx_word' id='word_1_217' title='bbox 985 2796 1121 2861; x_wconf 89' lang='lat' dir='ltr'><strong><em>mundus</em></strong></span> <span class='ocrx_word' id='word_1_218' title='bbox 1148 2794 1342 2884; x_wconf 81' lang='lat' dir='ltr'><strong><em>contingens</em></strong></span> 
     </span>
     <span class='ocr_line' id='line_1_26' title="bbox 137 2899 1342 2989; baseline -0.001 -23"><span class='ocrx_word' id='word_1_219' title='bbox 137 2911 206 2966; x_wconf 87' lang='lat' dir='ltr'><strong><em>est:</em></strong></span> <span class='ocrx_word' id='word_1_220' title='bbox 228 2901 416 2986; x_wconf 89' lang='lat' dir='ltr'><strong><em>temporalis</em></strong></span> <span class='ocrx_word' id='word_1_221' title='bbox 429 2923 565 2989; x_wconf 88' lang='lat' dir='ltr'><strong><em>quoque,</em></strong></span> <span class='ocrx_word' id='word_1_222' title='bbox 581 2902 634 2988; x_wconf 90' lang='lat' dir='ltr'><strong><em>qui</em></strong></span> <span class='ocrx_word' id='word_1_223' title='bbox 651 2902 818 2989; x_wconf 88' lang='lat' dir='ltr'><strong><em>aliquando</em></strong></span> <span class='ocrx_word' id='word_1_224' title='bbox 838 2900 984 2977; x_wconf 88' lang='lat' dir='ltr'><strong><em>nonfuit,</em></strong></span> <span class='ocrx_word' id='word_1_225' title='bbox 1004 2899 1046 2967; x_wconf 92' lang='lat' dir='ltr'><strong><em>sit</em></strong></span> <span class='ocrx_word' id='word_1_226' title='bbox 1065 2920 1203 2966; x_wconf 87' lang='lat' dir='ltr'><strong><em>necesse</em></strong></span> <span class='ocrx_word' id='word_1_227' title='bbox 1224 2912 1275 2965; x_wconf 90' lang='lat' dir='ltr'><strong><em>est</em></strong></span> <span class='ocrx_word' id='word_1_228' title='bbox 1292 2904 1342 2982; x_wconf 53' lang='grc'><strong><em>3)»;</em></strong></span> 
     </span>
     <span class='ocr_line' id='line_1_27' title="bbox 138 3003 1343 3093; baseline -0.002 -22"><span class='ocrx_word' id='word_1_229' title='bbox 138 3027 212 3071; x_wconf 90' lang='lat' dir='ltr'><strong><em>uam</em></strong></span> <span class='ocrx_word' id='word_1_230' title='bbox 227 3006 362 3071; x_wconf 92' lang='lat' dir='ltr'><strong><em>mundus</em></strong></span> <span class='ocrx_word' id='word_1_231' title='bbox 382 3018 555 3083; x_wconf 89' lang='lat' dir='ltr'><strong><em>aeternus,</em></strong></span> <span class='ocrx_word' id='word_1_232' title='bbox 578 3008 631 3093; x_wconf 89' lang='lat' dir='ltr'><strong><em>qui</em></strong></span> <span class='ocrx_word' id='word_1_233' title='bbox 654 3008 694 3073; x_wconf 89' lang='lat' dir='ltr'><strong><em>ab</em></strong></span> <span class='ocrx_word' id='word_1_234' title='bbox 722 3007 784 3073; x_wconf 90' lang='lat' dir='ltr'><strong><em>alio</em></strong></span> <span class='ocrx_word' id='word_1_235' title='bbox 807 3018 881 3073; x_wconf 88' lang='lat' dir='ltr'><strong><em>ente</em></strong></span> <span class='ocrx_word' id='word_1_236' title='bbox 900 3009 984 3072; x_wconf 90' lang='lat' dir='ltr'><strong><em>haud</em></strong></span> <span class='ocrx_word' id='word_1_237' title='bbox 998 3017 1166 3093; x_wconf 85' lang='lat' dir='ltr'><strong><em>repeteret</em></strong></span> <span class='ocrx_word' id='word_1_238' title='bbox 1186 3024 1263 3070; x_wconf 86' lang='lat' dir='ltr'><strong><em>suus</em></strong></span> <span class='ocrx_word' id='word_1_239' title='bbox 1280 3003 1343 3069; x_wconf 88' lang='lat' dir='ltr'><strong><em>ori·</em></strong></span> 
     </span>
     <span class='ocr_line' id='line_1_28' title="bbox 135 3101 1342 3200; baseline 0.001 -26"><span class='ocrx_word' id='word_1_240' title='bbox 135 3101 246 3194; x_wconf 72' lang='lat' dir='ltr'><strong><em>pines,</em></strong></span> <span class='ocrx_word' id='word_1_241' title='bbox 269 3131 328 3197; x_wconf 90' lang='lat' dir='ltr'><strong><em>per</em></strong></span> <span class='ocrx_word' id='word_1_242' title='bbox 356 3132 392 3176; x_wconf 90' lang='lat' dir='ltr'><strong><em>se</em></strong></span> <span class='ocrx_word' id='word_1_243' title='bbox 411 3113 576 3189; x_wconf 78' lang='lat' dir='ltr'><strong><em>existere,</em></strong></span> <span class='ocrx_word' id='word_1_244' title='bbox 599 3114 744 3200; x_wconf 86' lang='lat' dir='ltr'><strong><em>adeoque</em></strong></span> <span class='ocrx_word' id='word_1_245' title='bbox 763 3113 910 3179; x_wconf 88' lang='lat' dir='ltr'><strong><em>absolute</em></strong></span> <span class='ocrx_word' id='word_1_246' title='bbox 925 3111 1135 3178; x_wconf 90' lang='lat' dir='ltr'><strong><em>necessarius</em></strong></span> <span class='ocrx_word' id='word_1_247' title='bbox 1154 3132 1230 3175; x_wconf 88' lang='lat' dir='ltr'><strong><em>esse</em></strong></span> <span class='ocrx_word' id='word_1_248' title='bbox 1247 3109 1342 3176; x_wconf 90' lang='lat' dir='ltr'><strong><em>debe·</em></strong></span> 
     </span>
     <span class='ocr_line' id='line_1_29' title="bbox 135 3216 1344 3305; baseline 0 -25"><span class='ocrx_word' id='word_1_249' title='bbox 135 3229 195 3282; x_wconf 83' lang='lat' dir='ltr'><strong><em>ret</em></strong></span> <span class='ocrx_word' id='word_1_250' title='bbox 218 3216 256 3281; x_wconf 85' lang='lat' dir='ltr'><strong><em>Si</em></strong></span> <span class='ocrx_word' id='word_1_251' title='bbox 267 3228 376 3282; x_wconf 87' lang='lat' dir='ltr'><strong><em>autem</em></strong></span> <span class='ocrx_word' id='word_1_252' title='bbox 393 3239 492 3302; x_wconf 89' lang='lat' dir='ltr'><strong><em>porro</em></strong></span> <span class='ocrx_word' id='word_1_253' title='bbox 510 3221 647 3289; x_wconf 85' lang='lat' dir='ltr'><strong><em>mundus</em></strong></span> <span class='ocrx_word' id='word_1_254' title='bbox 664 3218 853 3305; x_wconf 88' lang='lat' dir='ltr'><strong><em>temporalis</em></strong></span> <span class='ocrx_word' id='word_1_255' title='bbox 869 3229 940 3293; x_wconf 91' lang='lat' dir='ltr'><strong><em>est,</em></strong></span> <span class='ocrx_word' id='word_1_256' title='bbox 963 3217 1014 3304; x_wconf 85' lang='lat' dir='ltr'><strong><em>qui</em></strong></span> <span class='ocrx_word' id='word_1_257' title='bbox 1032 3237 1169 3304; x_wconf 89' lang='lat' dir='ltr'><strong><em>prorsus</em></strong></span> <span class='ocrx_word' id='word_1_258' title='bbox 1191 3238 1255 3282; x_wconf 90' lang='lat' dir='ltr'><strong><em>non</em></strong></span> <span class='ocrx_word' id='word_1_259' title='bbox 1272 3227 1344 3281; x_wconf 90' lang='lat' dir='ltr'><strong><em>erat</em></strong></span> 
     </span>
     <span class='ocr_line' id='line_1_30' title="bbox 137 3322 1343 3409; baseline -0.002 -20"><span class='ocrx_word' id='word_1_260' title='bbox 137 3323 323 3409; x_wconf 78' lang='lat' dir='ltr'><strong><em>aliquando:</em></strong></span> <span class='ocrx_word' id='word_1_261' title='bbox 354 3322 425 3409; x_wconf 90' lang='lat' dir='ltr'><strong><em>ipse</em></strong></span> <span class='ocrx_word' id='word_1_262' title='bbox 463 3323 664 3388; x_wconf 86' lang='lat' dir='ltr'><strong><em>solummodo</em></strong></span> <span class='ocrx_word' id='word_1_263' title='bbox 689 3322 900 3409; x_wconf 90' lang='lat' dir='ltr'><strong><em>omnipotenti</em></strong></span> <span class='ocrx_word' id='word_1_264' title='bbox 927 3342 966 3388; x_wconf 91' lang='lat' dir='ltr'><strong><em>ac</em></strong></span> <span class='ocrx_word' id='word_1_265' title='bbox 994 3323 1159 3388; x_wconf 89' lang='lat' dir='ltr'><strong><em>liberrima</em></strong></span> <span class='ocrx_word' id='word_1_266' title='bbox 1177 3322 1343 3388; x_wconf 90' lang='lat' dir='ltr'><strong><em>voluntate</em></strong></span> 
     </span>
     <span class='ocr_line' id='line_1_31' title="bbox 137 3427 1342 3513; baseline -0.001 -20"><span class='ocrx_word' id='word_1_267' title='bbox 137 3427 220 3493; x_wconf 87' lang='lat' dir='ltr'><strong><em>entis</em></strong></span> <span class='ocrx_word' id='word_1_268' title='bbox 244 3427 383 3494; x_wconf 88' lang='lat' dir='ltr'><strong><em>absoluti</em></strong></span> <span class='ocrx_word' id='word_1_269' title='bbox 405 3448 465 3492; x_wconf 91' lang='lat' dir='ltr'><strong><em>seu</em></strong></span> <span class='ocrx_word' id='word_1_270' title='bbox 484 3427 546 3492; x_wconf 88' lang='lat' dir='ltr'><strong><em>Dei</em></strong></span> <span class='ocrx_word' id='word_1_271' title='bbox 566 3449 609 3493; x_wconf 87' lang='lat' dir='ltr'><strong><em>ex</em></strong></span> <span class='ocrx_word' id='word_1_272' title='bbox 622 3428 720 3502; x_wconf 88' lang='lat' dir='ltr'><strong><em>nihilo</em></strong></span> <span class='ocrx_word' id='word_1_273' title='bbox 739 3427 819 3494; x_wconf 90' lang='lat' dir='ltr'><strong><em>oriri</em></strong></span> <span class='ocrx_word' id='word_1_274' title='bbox 841 3427 955 3513; x_wconf 91' lang='lat' dir='ltr'><strong><em>potuit,</em></strong></span> <span class='ocrx_word' id='word_1_275' title='bbox 977 3427 1129 3493; x_wconf 91' lang='lat' dir='ltr'><strong><em>necinter</em></strong></span> <span class='ocrx_word' id='word_1_276' title='bbox 1148 3428 1342 3494; x_wconf 83' lang='lat' dir='ltr'><strong><em>Creatorem</em></strong></span> 
     </span>
     <span class='ocr_line' id='line_1_32' title="bbox 138 3522 1344 3620; baseline -0.003 -20"><span class='ocrx_word' id='word_1_277' title='bbox 138 3534 243 3600; x_wconf 88' lang='lat' dir='ltr'><strong><em>Deum</em></strong></span> <span class='ocrx_word' id='word_1_278' title='bbox 261 3545 295 3598; x_wconf 89' lang='lat' dir='ltr'><strong><em>et</em></strong></span> <span class='ocrx_word' id='word_1_279' title='bbox 308 3543 492 3599; x_wconf 89' lang='lat' dir='ltr'><strong><em>creaturam</em></strong></span> <span class='ocrx_word' id='word_1_280' title='bbox 509 3533 679 3620; x_wconf 81' lang='lat' dir='ltr'><strong><em>quidquam</em></strong></span> <span class='ocrx_word' id='word_1_281' title='bbox 695 3535 762 3598; x_wconf 90' lang='lat' dir='ltr'><strong><em>dari</em></strong></span> <span class='ocrx_word' id='word_1_282' title='bbox 784 3522 894 3619; x_wconf 82' lang='lat' dir='ltr'><strong><em>potest</em></strong></span> <span class='ocrx_word' id='word_1_283' title='bbox 911 3533 1117 3619; x_wconf 84' lang='lat' dir='ltr'><strong><em>interjectum</em></strong></span> <span class='ocrx_word' id='word_1_284' title='bbox 1135 3554 1173 3599; x_wconf 90' lang='lat' dir='ltr'><strong><em>ac</em></strong></span> <span class='ocrx_word' id='word_1_285' title='bbox 1196 3532 1344 3599; x_wconf 88' lang='lat' dir='ltr'><strong><em>medium.</em></strong></span> 
     </span>
    </p>

    <p class='ocr_par' dir='ltr' id='par_1_4' title="bbox 139 3637 1351 4254">
     <span class='ocr_line' id='line_1_33' title="bbox 220 3637 1346 3725; baseline -0.002 -21"><span class='ocrx_word' id='word_1_286' title='bbox 220 3637 372 3714; x_wconf 82' lang='lat' dir='ltr'><strong><em>Accedit,</em></strong></span> <span class='ocrx_word' id='word_1_287' title='bbox 394 3659 453 3724; x_wconf 86' lang='lat' dir='ltr'><strong><em>per</em></strong></span> <span class='ocrx_word' id='word_1_288' title='bbox 466 3639 571 3704; x_wconf 89' lang='lat' dir='ltr'><strong><em>ideam</em></strong></span> <span class='ocrx_word' id='word_1_289' title='bbox 590 3639 766 3705; x_wconf 79' lang='lat' dir='ltr'><strong><em>creationis</em></strong></span> <span class='ocrx_word' id='word_1_290' title='bbox 788 3639 1010 3720; x_wconf 86' lang='lat' dir='ltr'><strong><em>solummodo,</em></strong></span> <span class='ocrx_word' id='word_1_291' title='bbox 1032 3638 1079 3702; x_wconf 88' lang='lat' dir='ltr'><strong><em>uti</em></strong></span> <span class='ocrx_word' id='word_1_292' title='bbox 1101 3638 1266 3725; x_wconf 88' lang='lat' dir='ltr'><strong><em>principiis</em></strong></span> <span class='ocrx_word' id='word_1_293' title='bbox 1294 3638 1346 3703; x_wconf 72' lang='lat' dir='ltr'><strong><em>ra·‘</em></strong></span> 
     </span>
     <span class='ocr_line' id='line_1_34' title="bbox 139 3741 1346 3831; baseline -0.001 -22"><span class='ocrx_word' id='word_1_294' title='bbox 139 3743 236 3809; x_wconf 89' lang='lat' dir='ltr'><strong><em>tionis</em></strong></span> <span class='ocrx_word' id='word_1_295' title='bbox 253 3755 385 3809; x_wconf 88' lang='lat' dir='ltr'><strong><em>nostrae</em></strong></span> <span class='ocrx_word' id='word_1_296' title='bbox 402 3744 620 3819; x_wconf 86' lang='lat' dir='ltr'><strong><em>theoreticae,</em></strong></span> <span class='ocrx_word' id='word_1_297' title='bbox 642 3744 686 3809; x_wconf 87' lang='lat' dir='ltr'><strong><em>ita</em></strong></span> <span class='ocrx_word' id='word_1_298' title='bbox 701 3765 827 3831; x_wconf 87' lang='lat' dir='ltr'><strong><em>quoque</em></strong></span> <span class='ocrx_word' id='word_1_299' title='bbox 841 3743 984 3809; x_wconf 86' lang='lat' dir='ltr'><strong><em>libertati</em></strong></span> <span class='ocrx_word' id='word_1_300' title='bbox 1002 3755 1133 3808; x_wconf 91' lang='lat' dir='ltr'><strong><em>nostrae</em></strong></span> <span class='ocrx_word' id='word_1_301' title='bbox 1163 3764 1202 3808; x_wconf 90' lang='lat' dir='ltr'><strong><em>ac</em></strong></span> <span class='ocrx_word' id='word_1_302' title='bbox 1219 3741 1346 3808; x_wconf 85' lang='lat' dir='ltr'><strong><em>morali·</em></strong></span> 
     </span>
     <span class='ocr_line' id='line_1_35' title="bbox 141 3846 1348 3935; baseline -0.002 -21"><span class='ocrx_word' id='word_1_303' title='bbox 141 3849 201 3914; x_wconf 86' lang='lat' dir='ltr'><strong><em>tati</em></strong></span> <span class='ocrx_word' id='word_1_304' title='bbox 216 3849 349 3914; x_wconf 89' lang='lat' dir='ltr'><strong><em>consuli.</em></strong></span> <span class='ocrx_word' id='word_1_305' title='bbox 372 3849 434 3929; x_wconf 80' lang='lat' dir='ltr'><strong><em>Qui</em></strong></span> <span class='ocrx_word' id='word_1_306' title='bbox 459 3849 542 3916; x_wconf 90' lang='lat' dir='ltr'><strong><em>enim</em></strong></span> <span class='ocrx_word' id='word_1_307' title='bbox 568 3851 765 3915; x_wconf 90' lang='lat' dir='ltr'><strong><em>creationem</em></strong></span> <span class='ocrx_word' id='word_1_308' title='bbox 793 3849 901 3916; x_wconf 89' lang='lat' dir='ltr'><strong><em>mundi</em></strong></span> <span class='ocrx_word' id='word_1_309' title='bbox 926 3871 985 3935; x_wconf 87' lang='lat' dir='ltr'><strong><em>per</em></strong></span> <span class='ocrx_word' id='word_1_310' title='bbox 1007 3846 1269 3934; x_wconf 87' lang='lat' dir='ltr'><strong><em>omnipotentiam</em></strong></span> <span class='ocrx_word' id='word_1_311' title='bbox 1292 3869 1348 3912; x_wconf 90' lang='lat' dir='ltr'><strong><em>vo·</em></strong></span> 
     </span>
     <span class='ocr_line' id='line_1_36' title="bbox 140 3952 1348 4043; baseline -0.002 -25"><span class='ocrx_word' id='word_1_312' title='bbox 140 3953 273 4020; x_wconf 87' lang='lat' dir='ltr'><strong><em>luntatis</em></strong></span> <span class='ocrx_word' id='word_1_313' title='bbox 290 3953 417 4019; x_wconf 87' lang='lat' dir='ltr'><strong><em>divinae</em></strong></span> <span class='ocrx_word' id='word_1_314' title='bbox 433 3967 569 4043; x_wconf 82' lang='lat' dir='ltr'><strong><em>negant:</em></strong></span> <span class='ocrx_word' id='word_1_315' title='bbox 592 3967 647 4021; x_wconf 88' lang='lat' dir='ltr'><strong><em>aut</em></strong></span> <span class='ocrx_word' id='word_1_316' title='bbox 663 3957 781 4021; x_wconf 90' lang='lat' dir='ltr'><strong><em>debent</em></strong></span> <span class='ocrx_word' id='word_1_317' title='bbox 796 3976 984 4030; x_wconf 86' lang='lat' dir='ltr'><strong><em>assumere,</em></strong></span> <span class='ocrx_word' id='word_1_318' title='bbox 1016 3954 1166 4019; x_wconf 88' lang='lat' dir='ltr'><strong><em>mundum</em></strong></span> <span class='ocrx_word' id='word_1_319' title='bbox 1187 3972 1267 4019; x_wconf 88' lang='lat' dir='ltr'><strong><em>casu</em></strong></span> <span class='ocrx_word' id='word_1_320' title='bbox 1287 3952 1348 4017; x_wconf 90' lang='lat' dir='ltr'><strong><em>ior·</em></strong></span> 
     </span>
     <span class='ocr_line' id='line_1_37' title="bbox 139 4048 1349 4137; baseline 0 -13"><span class='ocrx_word' id='word_1_321' title='bbox 139 4048 222 4124; x_wconf 68' lang='lat' dir='ltr'><strong><em>tuit&#39;o</em></strong></span> <span class='ocrx_word' id='word_1_322' title='bbox 248 4079 325 4124; x_wconf 87' lang='lat' dir='ltr'><strong><em>esse</em></strong></span> <span class='ocrx_word' id='word_1_323' title='bbox 350 4071 474 4137; x_wconf 90' lang='lat' dir='ltr'><strong><em>ortum,</em></strong></span> <span class='ocrx_word' id='word_1_324' title='bbox 499 4072 553 4125; x_wconf 90' lang='lat' dir='ltr'><strong><em>aut</em></strong></span> <span class='ocrx_word' id='word_1_325' title='bbox 580 4063 730 4127; x_wconf 90' lang='lat' dir='ltr'><strong><em>mundum</em></strong></span> <span class='ocrx_word' id='word_1_326' title='bbox 752 4062 840 4128; x_wconf 88' lang='lat' dir='ltr'><strong><em>fatali</em></strong></span> <span class='ocrx_word' id='word_1_327' title='bbox 860 4060 1049 4130; x_wconf 87' lang='lat' dir='ltr'><strong><em>necessitati</em></strong></span> <span class='ocrx_word' id='word_1_328' title='bbox 1070 4059 1275 4132; x_wconf 87' lang='lat' dir='ltr'><strong><em>adscribere,</em></strong></span> <span class='ocrx_word' id='word_1_329' title='bbox 1295 4068 1349 4125; x_wconf 90' lang='lat' dir='ltr'><strong><em>aut</em></strong></span> 
     </span>
     <span class='ocr_line' id='line_1_38' title="bbox 139 4164 1351 4254; baseline -0.002 -24"><span class='ocrx_word' id='word_1_330' title='bbox 139 4183 222 4230; x_wconf 86' lang='lat' dir='ltr'><strong><em>vero</em></strong></span> <span class='ocrx_word' id='word_1_331' title='bbox 244 4184 317 4228; x_wconf 89' lang='lat' dir='ltr'><strong><em>eum</em></strong></span> <span class='ocrx_word' id='word_1_332' title='bbox 340 4183 412 4230; x_wconf 92' lang='lat' dir='ltr'><strong><em>cum</em></strong></span> <span class='ocrx_word' id='word_1_333' title='bbox 435 4166 507 4231; x_wconf 85' lang='lat' dir='ltr'><strong><em>Deo</em></strong></span> <span class='ocrx_word' id='word_1_334' title='bbox 529 4166 735 4233; x_wconf 86' lang='lat' dir='ltr'><strong><em>confundere.</em></strong></span> <span class='ocrx_word' id='word_1_335' title='bbox 765 4169 840 4233; x_wconf 84' lang='lat' dir='ltr'><strong><em>Jam</em></strong></span> <span class='ocrx_word' id='word_1_336' title='bbox 870 4167 1008 4254; x_wconf 87' lang='lat' dir='ltr'><strong><em>primum</em></strong></span> <span class='ocrx_word' id='word_1_337' title='bbox 1029 4176 1083 4231; x_wconf 88' lang='lat' dir='ltr'><strong><em>est</em></strong></span> <span class='ocrx_word' id='word_1_338' title='bbox 1107 4164 1280 4236; x_wconf 80' lang='lat' dir='ltr'><strong><em>instulsum,</em></strong></span> <span class='ocrx_word' id='word_1_339' title='bbox 1302 4172 1351 4228; x_wconf 84' lang='lat' dir='ltr'><strong><em>ut·</em></strong></span> 
     </span>
    </p>
   </div>
   <div class='ocr_carea' id='block_1_3' title="bbox 175 4451 1184 4701">
    <p class='ocr_par' dir='ltr' id='par_1_5' title="bbox 175 4451 1184 4701">
     <span class='ocr_line' id='line_1_39' title="bbox 176 4451 1184 4535; baseline 0.009 -33"><span class='ocrx_word' id='word_1_340' title='bbox 176 4455 201 4514; x_wconf 83' lang='lat'><strong><em>¹)</em></strong></span> <span class='ocrx_word' id='word_1_341' title='bbox 222 4452 285 4510; x_wconf 67' lang='lat' dir='ltr'><strong><em>vop.</em></strong></span> <span class='ocrx_word' id='word_1_342' title='bbox 305 4456 333 4503; x_wconf 83' lang='lat'><strong><em>1.</em></strong></span> <span class='ocrx_word' id='word_1_343' title='bbox 350 4455 383 4504; x_wconf 86' lang='lat' dir='ltr'><strong><em>de</em></strong></span> <span class='ocrx_word' id='word_1_344' title='bbox 399 4457 443 4535; x_wconf 92' lang='grc' dir='ltr'><strong><em>Μ.</em></strong></span> <span class='ocrx_word' id='word_1_345' title='bbox 463 4455 541 4506; x_wconf 72' lang='lat' dir='ltr'><strong><em>Goth.</em></strong></span> <span class='ocrx_word' id='word_1_346' title='bbox 559 4453 706 4516; x_wconf 72' lang='lat' dir='ltr'><strong><em>Menai,</em></strong></span> <span class='ocrx_word' id='word_1_347' title='bbox 726 4457 798 4506; x_wconf 71' lang='lat' dir='ltr'><strong><em>coit.</em></strong></span> <span class='ocrx_word' id='word_1_348' title='bbox 818 4457 899 4508; x_wconf 77' lang='lat' dir='ltr'><strong><em>Cone.</em></strong></span> <span class='ocrx_word' id='word_1_349' title='bbox 917 4452 950 4504; x_wconf 79' lang='grc' dir='ltr'><strong><em>Τ.</em></strong></span> <span class='ocrx_word' id='word_1_350' title='bbox 968 4454 1010 4510; x_wconf 76' lang='grc'><strong><em>22,</em></strong></span> <span class='ocrx_word' id='word_1_351' title='bbox 1030 4467 1055 4507; x_wconf 81' lang='lat' dir='ltr'><strong><em>e·</em></strong></span> <span class='ocrx_word' id='word_1_352' title='bbox 1074 4451 1184 4510; x_wconf 53' lang='lat'>9814*</span> 
     </span>
     <span class='ocr_line' id='line_1_40' title="bbox 176 4535 599 4611; baseline 0.014 -19"><span class='ocrx_word' id='word_1_353' title='bbox 176 4535 200 4607; x_wconf 76' lang='lat'><strong><em>¹)</em></strong></span> <span class='ocrx_word' id='word_1_354' title='bbox 220 4540 534 4611; x_wconf 67' lang='lat' dir='ltr'><strong><em>Ed·Vieuu018³b.p.</em></strong></span> <span class='ocrx_word' id='word_1_355' title='bbox 556 4546 599 4598; x_wconf 78' lang='lat'><strong><em>22.</em></strong></span> 
     </span>
     <span class='ocr_line' id='line_1_41' title="bbox 175 4622 737 4701; baseline 0.016 -20"><span class='ocrx_word' id='word_1_356' title='bbox 175 4622 201 4695; x_wconf 80' lang='lat'><strong><em>³)</em></strong></span> <span class='ocrx_word' id='word_1_357' title='bbox 222 4629 267 4686; x_wconf 84' lang='lat' dir='ltr'><strong><em>ct</em></strong></span> <span class='ocrx_word' id='word_1_358' title='bbox 285 4630 374 4686; x_wconf 75' lang='lat' dir='ltr'><strong><em>Pron.</em></strong></span> <span class='ocrx_word' id='word_1_359' title='bbox 392 4634 418 4695; x_wconf 76' lang='grc' dir='ltr'><strong><em>Β,</em></strong></span> <span class='ocrx_word' id='word_1_360' title='bbox 436 4635 470 4687; x_wconf 75' lang='lat' dir='ltr'><strong><em>tt</em></strong></span> <span class='ocrx_word' id='word_1_361' title='bbox 488 4648 529 4688; x_wconf 80' lang='lat' dir='ltr'><strong><em>es.</em></strong></span> <span class='ocrx_word' id='word_1_362' title='bbox 548 4632 599 4688; x_wconf 82' lang='lat' dir='ltr'><strong><em>Pe.</em></strong></span> <span class='ocrx_word' id='word_1_363' title='bbox 618 4637 677 4701; x_wconf 79' lang='lat' dir='ltr'><strong><em>tot,</em></strong></span> <span class='ocrx_word' id='word_1_364' title='bbox 694 4636 737 4690; x_wconf 71' lang='lat'><strong><em>26.</em></strong></span> 
     </span>
    </p>
   </div>
   <div class='ocr_carea' id='block_1_4' title="bbox 0 0 1501 5168">
    <p class='ocr_par' dir='ltr' id='par_1_6' title="bbox 0 0 1501 5168">
     <span class='ocr_line' id='line_1_42' title="bbox 0 0 1501 5168; baseline 0 0"><span class='ocrx_word' id='word_1_365' title='bbox 0 0 1501 5168; x_wconf 95' lang='lat' dir='ltr'><strong><em> </em></strong></span> 
     </span>
    </p>
   </div>
  </div>
 </body>
</html>
