2926 5168
120 215 186 284 28¹1

123 369 255 447 Dilipits
275 370 422 430 inimicos
442 372 582 430 cestros.
611 397 650 414 -
679 375 716 430 ut
735 368 807 429 sitia
824 366 886 446 filii
905 364 1057 429 Patris
1077 366 1231 439 vestri,
1261 367 1326 449 qui

123 478 167 537 in
188 475 322 537 coelis
344 480 409 535 est
429 476 478 554 ¹);
507 469 693 536 etiterum:
715 473 860 543 Pater,
890 475 945 553 poi
974 475 1061 534 videt
1088 478 1120 532 in
1148 472 1326 534 abscondito

35 613 37 617 v
126 580 378 662 (eleemosynam
401 576 520 662 tuam),
542 580 690 640 reddet
711 581 787 641 titi
815 579 861 657 ²).
891 575 963 640 Nea
992 596 1055 640 noo
1084 576 1212 661 quando
1234 576 1325 663 Apo·

125 691 284 748 stolus:
310 684 420 767 Unus,
450 682 571 768 inquit,
601 684 731 755 Deus,
764 689 801 744 et
822 687 948 746 Pater
968 689 1154 757 connium,
1177 687 1249 765 qui
1271 689 1328 744 eci

125 813 252 873 super
280 811 421 852 omncs
452 789 514 864 (ici
544 791 698 870 πάντων),
726 810 803 869 per
836 794 988 864 omnia,
1019 799 1057 854 ct
1084 797 1125 853 in
1150 791 1327 855 omnibus

124 900 245 960 nobis
267 896 306 981 ³).
328 897 373 961 Ilt
395 896 443 961 sic
465 894 573 959 multis
596 894 668 959 aliis
690 893 722 957 in
744 894 826 959 locis
847 900 885 977 ⁴).
905 897 997 961 Deus
1021 908 1074 961 est

207 1007 238 1070 2.
261 1022 370 1087 porro,
393 999 854 1086 quiPaterjustorum,
877 1002 1028 1087 populi
1048 1003 1189 1069 lsrael
1211 1015 1326 1089 atque

126 1106 363 1172 Christiani
386 1104 642 1190 adpellatur.
677 1105 782 1169 Deum
805 1126 879 1171 esse
900 1107 1034 1174 Patrem
1049 1110 1216 1194 justorum
1236 1103 1326 1198 gene·

125 1211 230 1287 ratim,
253 1212 349 1276 docet
368 1210 616 1296 Apostolus,
640 1211 850 1276 scribens:
874 1215 950 1278 Non
970 1221 1056 1279 enim
1077 1222 1248 1298 accepistis
1268 1221 1326 1298 spi·

125 1329 219 1384 ritum
239 1323 403 1382 servit—atis
424 1321 538 1379 iterum
559 1322 594 1380 in
614 1322 738 1399 timore,
760 1322 821 1381 scd
838 1325 1006 1401 accepistis
1026 1326 1171 1402 spiritum
1193 1325 1326 1403 adoptio·

124 1428 356 1508 natalitiorum,
378 1425 415 1485 in
437 1443 497 1502 pcto
518 1428 693 1485 statuamus
713 1423 824 1486 Acca
848 1422 1010 1510 (Pater)
1035 1426 1071 1510 ⁵).
1092 1425 1228 1490 Patrem
1247 1424 1325 1492 Chri·

127 1531 324 1610 alienorum,
352 1528 422 1612 ipse
440 1528 660 1600 Salvator,
695 1548 792 1613 quum
811 1527 856 1591 ait
877 1529 918 1592 ad
939 1529 1133 1615 discipulos:
1157 1537 1211 1595 Sic
1234 1535 1327 1595 luccat

18 1642 20 1647 ’
125 1640 187 1701 lucc
207 1644 312 1700 cestra
335 1654 441 1695 coram
461 1634 658 1708 dcnrinilus,
689 1633 874 1697 strideant
895 1657 990 1715 opera
1011 1644 1137 1710 vestra,
1171 1644 1203 1699 et
1219 1640 1325 1718 9111111-

60 1810 64 1817 ,
125 1745 587 1823 ccntpatrcmcestrum‚
617 1743 686 1820 pui
711 1744 753 1801 in
780 1741 918 1801 coelis
946 1747 1064 1816 sst‘).
1091 1741 1196 1826 Atque
1230 1740 1325 1827 populi

124 1845 303 1918 Israelitici,
325 1845 504 1926 Moyses,
528 1842 615 1906 illum
636 1842 686 1906 his
708 1843 819 1907 verbis
839 1842 974 1908 allatus:
996 1846 1165 1928 Numquid
1186 1868 1255 1910 non
1271 1852 1325 1926 ipsc

126 1958 174 2013 est
191 1957 306 2029 pater
327 1956 444 2022 tuus,
468 1952 537 2031 qui
555 1950 751 2026 possedit
768 1956 824 2029 tc,
851 1953 1084 2030 etfacilis,
1106 1958 1145 2013 ct
1167 1954 1326 2014 crescii

125 2062 160 2118 tc
181 2055 239 2136 Οἳ
261 2053 410 2116 Tandem
425 2052 516 2116 Deus
532 2050 653 2137 pariter
670 2045 731 2125 est,

211 2159 239 2221 3.
265 2158 318 2244 qui
341 2157 502 2222 Christi
521 2157 687 2222 Domini
702 2178 801 2221 sensu
816 2158 913 2245 longe
931 2157 1123 2235 sublimiori,
1146 2160 1280 2247 proprio
1297 2176 1323 2222 ao

126 2286 215 2339 vero,
235 2264 364 2327 Pater
382 2261 553 2327 dicitur.
575 2263 630 2327 Ex
647 2263 772 2350 ingenti
788 2285 921 2328 numero
940 2265 973 2328 S.
990 2265 1183 2350 Scripturas
1193 2265 1322 2332 locorum

127 2369 298 2456 praecipue
320 2368 441 2433 laudari
460 2380 623 2434 merentur
644 2369 746 2434 verba
768 2369 939 2435 Christi
961 2364 1002 2435 ad
1026 2382 1164 2435 matrem
1181 2393 1273 2436 suam
1297 2379 1319 2432 et

125 2475 324 2559 losephum:
347 2475 567 2557 Nescielctis,
600 2480 677 2559 puio
706 2481 740 2539 in
769 2482 841 2557 his,
873 2498 956 2560 quac
988 2477 1132 2542 Patris
1154 2483 1231 2542 mci
1251 2481 1319 2545 sunl,

126 2588 245 2663 oportet
264 2601 314 2640 ms
337 2600 407 2641 esse
428 2578 485 2663 ⁸J?
507 2580 559 2643 De
581 2579 699 2665 templo
721 2591 833 2665 aperte
857 2581 909 2646 hic
930 2582 1031 2646 ¹lesus
1060 2581 1222 2666 loquitur,
1256 2579 1320 2669 quod

127 2688 240 2750 domus
258 2683 322 2747 Dei
339 2684 404 2747 vivi
422 2695 502 2756 erat,
526 2698 559 2749 et
581 2686 655 2750 ideo
675 2686 806 2750 Patrem
823 2709 933 2762 suum,
955 2688 987 2753 in
1004 2687 1209 2774 oppositione
1227 2685 1320 2754 matris

127 2807 221 2878 atque
264 2789 400 2866 nutritii,
441 2814 598 2880 expresse
626 2793 731 2858 Deum
771 2814 886 2858 verum
915 2793 1062 2878 adpellat.
1113 2794 1220 2860 Porro
1248 2792 1318 2859 illud:

129 2900 283 2963 Ascendo
294 2900 339 2959 cd
357 2899 532 2962 Patrem
553 2921 690 2976 mcum,
713 2909 1040 2984 etPutrcmoestrum‚
1062 2902 1320 2968 Deummcumel

128 3009 256 3068 Deum
276 3010 415 3067 vestrum
436 3009 472 3084 ⁹).
502 3006 572 3097 Nec
593 3028 656 3070 non
675 3009 776 3071 verba
796 3007 874 3081 ista,
897 3006 1012 3092 quibus
1033 3005 1225 3095 dignitatem
1246 3024 1316 3073 suan

130 3110 268 3174 divinam
290 3110 449 3173 adversus
469 3111 664 3177 Pharisaeos
684 3125 809 3181 tuetur:
832 3121 895 3177 Est
912 3114 1036 3177 Pater
1050 3120 1255 3197 meus,·pui
1267 3113 1314 3196 plo·

127 3220 234 3300 rificct
260 3237 332 3295 me,
362 3237 456 3294 poem
478 3240 536 3281 vos
555 3221 677 3292 dicitis,
706 3225 803 3303 quic
825 3222 936 3282 Deus
956 3227 1096 3282 vester
1117 3229 1186 3284 eat
1207 3219 1262 3308 ¹⁰).
1280 3214 1314 3280 Oh

128 3340 209 3410 quae
233 3319 333 3383 verba
353 3319 520 3387 Pharisaei
538 3326 654 3389 lesum
669 3325 812 3410 lapidare
832 3325 1012 3390 voluerunt.
1034 3322 1121 3390 Hine
1140 3337 1174 3390 et
1188 3324 1312 3390 Christus

129 3584 375 3608 ——1-0—1-

162 3709 185 3775 ¹)
201 3709 304 3760 Matth.
322 3709 349 3769 5,
368 3708 401 3759 11
421 3723 447 3760 s.

161 3797 186 3856 ²)
204 3799 309 3851 Mattn.
325 3799 352 3858 o,
371 3798 398 3851 ῑ1.

161 3883 401 3955 ommno

161 3974 188 4040 ²⁴)
207 3978 249 4029 Cf.
267 3978 370 4029 Matth.
389 3978 414 4038 7,
433 3977 473 4027 11.
492 3977 554 4030 hot.
575 3979 599 4038 1,
616 3978 642 4034 1.
662 3979 703 4038 17,
721 3979 763 4028 29.
781 3986 805 4030 1.
824 3977 888 4029 Gor.
907 3979 930 4037 1,
948 3976 976 4028 3.
993 3979 1020 4038 8,
1037 3978 1064 4030 6.
1082 3975 1142 4028 Col.
1162 3981 1186 4040 1,
1202 3977 1227 4027 3.
1239 3973 1284 4022 cll·

162 4064 186 4127 ⁵)
204 4069 288 4119 Rom.
306 4069 332 4128 8,
353 4069 395 4119 li.
414 4064 454 4118 cf.
474 4065 538 4120 Gal.
557 4068 582 4128 h,
600 4068 627 4120 6.
645 4069 728 4121 Joau.
748 4069 771 4128 1,
792 4069 833 4118 12.

161 4150 531 4227 ommammm

162 4225 1300 4311 pompeammmmmsum,mnnamumh

131 4320 252 4384 Malach.
281 4334 313 4394 1,
337 4335 362 4383 θ.

162 4416 187 4481 ⁸)
206 4421 276 4471 Luc.
295 4422 321 4481 2,
340 4422 384 4475 19.

162 4507 187 4571 ⁹)
206 4512 287 4560 Joan.
307 4513 350 4572 20,
371 4511 413 4562 17.

164 4599 202 4664 ¹⁰)
221 4597 304 4653 ioan.
321 4602 348 4662 8,
366 4601 407 4654 51.
