2926 5168
1270 214 1358 295 m.

124 370 425 458 noxiis,'singulari
441 371 599 444 beneficio
618 395 705 437 mors
730 384 1002 458 praecaveretur,
1026 375 1085 439 sed
1123 386 1156 440 et
1189 396 1252 441 non
1278 375 1332 440 illo

122 498 242 558 seusu,
265 476 358 563 quasi
380 497 518 560 prorsus
545 498 609 541 non
646 489 783 562 possent
809 477 907 542 etiam
925 501 987 543 nou
1013 480 1167 554 existere,
1188 481 1333 566 adeoque

122 584 163 646 ab
194 582 427 666 omnipotentia
459 603 584 668 quoque
606 582 713 648 divina
738 572 863 647 destrui
892 584 1079 670 nequirent,
1101 586 1159 650 scd
1189 597 1334 658 eatenus,

122 699 281 773 quatenus
319 700 433 754 natura
469 708 581 759 eorum
605 688 722 775 exigit,
745 700 780 752 ut
811 710 873 752 non
900 688 1080 768 intereant,
1106 703 1163 756 aut
1190 711 1333 757 eorrum-

121 805 248 877 pantur.

206 899 243 962 ln
266 899 369 973 hisce,
395 919 475 985 quae
491 900 656 984 hucusque
679 899 906 984 exposuimus,
930 900 1005 964 licet
1028 900 1135 965 omnia
1161 902 1246 967 haud
1267 901 1333 967 sint

119 1003 316 1091 dogmatice.
337 1002 476 1079 delinita,
499 1026 612 1070 omues
642 1016 709 1069 tam
736 1005 854 1070 Patres
883 1003 1023 1090 antiqui,
1046 1025 1140 1089 quam
1170 1006 1334 1094 Theologi

115 1109 328 1201 ‘posteriores
340 1110 541 1174 conveniunt.
565 1110 601 1175 Si
610 1122 717 1174 autem
726 1109 910 1195 quaeritur,
933 1121 1040 1173 utrum
1057 1110 1176 1198 Angeli
1192 1112 1335 1180 sintcor·

119 1221 290 1300 porati,an
305 1237 386 1280 vero
398 1215 533 1301 spiritus
549 1214 635 1300 puri:
659 1214 774 1279 Patres
791 1215 822 1279 in
837 1216 987 1281 diversas
1006 1217 1126 1281 abeunt
1143 1218 1333 1283 sententias.

186 1320 295 1384 lnSS.
312 1321 498 1386 Litteris
516 1320 643 1405 quidem
653 1319 771 1407 Angeli
783 1332 815 1384 et
827 1320 1012 1395 daemones,
1022 1334 1058 1386 ut
1077 1342 1120 1385 ex
1128 1321 1208 1387 locis
1223 1321 1333 1387 citatis

121 1426 270 1508 adparet,
282 1425 405 1489 diserte
414 1424 547 1510 spiritus
564 1425 806 1509 compellantur,
829 1438 862 1491 et
878 1427 974 1492 etiam
993 1427 1124 1493 definite
1141 1428 1335 1501 declaratur,

120 1536 491 1614 quiaspimtuscarnem,
502 1540 536 1596 et
546 1553 621 1597 osso
634 1533 801 1595 norrlobet
817 1532 854 1614 ¹).
869 1531 1027 1609 Quoniam
1037 1543 1144 1599 tamen
1157 1533 1335 1617 Apostolus

121 1656 250 1721 quoque
258 1654 377 1720 corpus
387 1635 562 1721 spirituale,
573 1641 659 1715 σῶμα
665 1630 867 1716 πνευματικόν,
878 1647 1127 1701 commemorat:
1139 1658 1201 1702 non
1209 1637 1335 1702 videtur

121 1740 530 1827 axillaAugelorum,licet
542 1738 715 1813 constanti,
731 1740 1011 1827 cognominatione
1020 1743 1135 1806 saltem
1144 1742 1334 1809 necessario

122 1846 234 1932 sequi,
256 1847 403 1933 Angelos
418 1867 535 1930 puros,
559 1845 664 1909 omnis
683 1843 811 1908 omnino
824 1846 972 1929 corporis
991 1860 1157 1933 expertes,
1175 1868 1251 1914 esse
1273 1847 1335 1932 epi·

121 1953 223 2026 ritus,
246 1952 514 2037 quemadmodum
531 1951 628 2016 etiam
644 1972 708 2014 non
727 1971 842 2025 exeo,
866 1954 949 2035 quod
968 1953 1088 2018 Paulus
1111 1954 1258 2039 Angelos
1281 1975 1335 2018 vo·

122 2069 177 2121 cet
199 2053 236 2118 ml
257 2054 392 2140 ἀόρατα,
414 2057 631 2140 inventatur),
654 2056 686 2121 in
698 2056 900 2141 oppositione
908 2057 1104 2142 reliquarum
1114 2079 1234 2134 rerum,
1257 2080 1335 2144 quas

122 2159 159 2225 τὰ
182 2159 278 2244 ὁρατά
300 2162 394 2237 dicit;
417 2162 563 2248 quamvis
580 2161 695 2249 negari
713 2173 860 2248 nequeat,
881 2184 923 2227 ne
942 2162 1069 2228 unicum
1083 2164 1210 2249 quidem
1228 2166 1333 2231 locum

120 2268 152 2332 in
177 2268 211 2332 S.
235 2268 402 2348 Scriptura
424 2267 551 2333 ostendi
566 2288 682 2350 posse,
711 2266 743 2330 in
763 2288 826 2352 quo
843 2268 1036 2331 vocabulum
1052 2274 1199 2350 spiritus,
1210 2275 1335 2351 πνεῦμα,

122 2373 163 2436 de
186 2382 301 2436 natura
323 2372 469 2437 rationali
493 2392 592 2435 sensu
614 2393 677 2435 non
700 2371 834 2456 proprio
858 2372 1065 2447 adhibeatur,
1090 2385 1184 2437 etue
1207 2374 1334 2438 ulricum

123 2476 261 2561 quidem,
284 2476 338 2543 ubi
359 2478 413 2540 vel
434 2475 600 2540 levissima
622 2475 770 2560 corporis
787 2477 989 2562 Angelorum
1015 2476 1137 2541 mentio
1160 2476 1332 2560 injiciatur,

122 2593 177 2646 aut
199 2581 253 2645 ubi
272 2582 368 2647 homo
382 2581 478 2646 simili
498 2581 623 2645 ratione
643 2580 827 2644 anobiliori
845 2580 895 2644 sui
918 2592 1012 2665 parte
1040 2579 1176 2666 spiritus
1195 2582 1333 2666 adpelle·

122 2698 192 2761 tur,
215 2686 288 2773 quin
315 2686 380 2751 imo
410 2687 486 2750 illud
514 2687 629 2749 saltem
652 2697 803 2770 tanquam
840 2698 966 2751 certum
1002 2686 1231 2749 assumendum
1259 2707 1350 2767 esse*

121 2791 272 2867 videtur,
305 2812 506 2856 communem
544 2801 692 2875 tempore
719 2790 842 2855 Christi
869 2792 1071 2855 Judaeorum
1095 2789 1196 2854 fuisse
1218 2784 1334 2866 fidem,

123 2897 273 2986 Angelos
292 2918 391 2981 puros
412 2917 487 2960 esse
504 2894 658 2978 spiritus,
682 2895 876 2981 quoniamin
893 2896 997 2962 hocce
1016 2915 1116 2967 sensu
1132 2897 1334 2984 Angelorum

124 3001 332 3068 existentiam
355 3001 539 3065 Sadducaei
555 2999 689 3066 inficiati
707 3012 799 3075 sunt,
830 3002 994 3078 dicentes,
1024 3012 1059 3064 ut
1090 3002 1226 3068 Lucas
1257 3004 1336 3068 scri·

124 3106 190 3188 bit,
218 3129 283 3170 oon
322 3129 392 3171 esse
426 3112 715 3186 resurrectionem,
747 3106 769 3172 i.
799 3126 827 3169 e.
849 3106 972 3170 animas
994 3106 1214 3184 immortales,
1234 3129 1337 3191 neque

122 3214 303 3295 Angelum,
329 3234 433 3297 neque
454 3212 610 3290 Spiritum
625 3211 661 3296 3).
684 3211 739 3275 le
753 3212 856 3276 altera
876 3223 969 3297 parte
991 3223 1097 3276 autem
1116 3222 1238 3277 certum
1261 3234 1335 3299 quo·

123 3339 185 3406 que
201 3330 270 3392 est,
298 3339 341 3382 ex
364 3322 438 3381 loco
469 3314 655 3381 Geneseos:
689 3320 841 3397 thentes
869 3319 932 3399 filii
964 3319 1027 3379 Ilei
1044 3319 1133 3394 filius
1155 3321 1317 3380 lominum

124 3427 213 3510 quod
221 3425 501 3504 esrentpulolrrae,
517 3425 784 3504 occeperuotsids'
795 3444 919 3489 umores
939 3444 984 3486 ear
996 3427 1155 3505 emunitus,
1177 3443 1259 3511 quas
1275 3430 1335 3486 ete·

121 3539 241 3612 quant
252 3530 291 3616 ⁴),
315 3548 377 3594 nec
388 3550 454 3594 nou
468 3549 511 3593 ex
521 3528 620 3592 variis
629 3527 693 3593 illis
701 3527 955 3613 adparitionibus
963 3524 1091 3603 minime
1099 3524 1209 3615 colligi
1221 3546 1333 3612 posse,

122 3648 159 3702 ut
176 3635 365 3721 quibusdam
378 3635 486 3700 visum
502 3645 567 3717 est,
576 3636 722 3716 Angelos
733 3634 925 3719 corporibus
942 3630 1106 3718 praeditos
1121 3651 1217 3719 esse3
1240 3652 1335 3717 quum

122 3743 184 3807 sub
208 3741 282 3807 liliis
297 3740 362 3805 Dei
376 3740 407 3805 in
425 3742 498 3806 loco
514 3741 645 3806 laudato
664 3760 864 3826 nequaquam
880 3736 1016 3826 Angeli,
1039 3736 1099 3800 sed
1112 3735 1237 3820 posteri
1253 3737 1335 3803 Seth

121 3845 323 3935 intelligendi
345 3846 409 3910 sint
431 3849 471 3927 ⁶),
494 3858 527 3909 et
555 3845 587 3909 in
608 3844 690 3910 locis
714 3845 797 3919 illis,
818 3844 851 3907 in
875 3844 991 3930 quibus
1010 3843 1049 3906 de
1082 3840 1335 3925 adparitionibus

123 3952 328 4041 Angelorum
346 3972 455 4016 sermo
475 3964 537 4028 est,
560 3950 689 4015 minime
705 3960 867 4024 narretur,
890 3948 1037 4039 Angelos
1051 3947 1083 4011 in
1106 3945 1247 4031 propriis
1265 3967 1335 4012 cor·

120 4058 256 4146 poribus
276 4079 312 4122 se
331 4057 526 4142 spectandos
548 4055 739 4140 praebuisse
761 4055 801 4140 ⁰).

119 4187 427 4204 W

161 4231 187 4298 1)
204 4233 273 4283 ltus.
291 4231 334 4291 211,
351 4232 394 4280 ³9.
413 4227 455 4280 ct.
472 4227 559 4281 loun·
578 4227 603 4288 lt,
622 4226 664 4277 2'1.
683 4227 708 4279 1.
727 4226 793 4277 (lor.
811 4226 837 4285 2,
858 4227 900 4276 ll.
921 4224 984 4276 Act.
1002 4223 1046 4282 23,
1062 4223 1109 4274 8.‘

159 4305 185 4376 ²)
204 4312 265 4365 col.
285 4315 310 4372 ί,
330 4312 370 4362 re.

156 4385 372 4458 emme

155 4469 184 4534 l⁰)
203 4472 274 4524 Gen.
291 4475 317 4534 ll,
335 4476 360 4525 2.

156 4548 182 4619 ⁵)
201 4552 246 4607 Of.
264 4553 329 4606 rtr
340 4552 385 4606 in.
405 4556 503 4606 vomu.
520 4552 549 4603 ln
567 4553 598 4602 8.
616 4552 714 4607 Scrtnt.
732 4547 768 4598 ad
786 4547 814 4600 lt.
834 4547 853 4600 Ι.

155 4630 184 4699 ⁶)
202 4637 242 4687 ls.
259 4636 285 4695 d,
303 4644 317 4690 1
338 4650 379 4690 ss.
397 4635 501 4688 Matttr.
519 4634 563 4694 28,
580 4633 598 4683 2
615 4646 657 4684 ss.
676 4632 767 4683 Maro.
789 4631 828 4691 td,
845 4629 862 4679 t
880 4640 922 4680 ss.
941 4623 1003 4678 Aet.
1025 4627 1048 4684 1,
1068 4627 1099 4677 tt)
1117 4638 1143 4674 ι.
