2926 5168
126 289 190 365 280

123 447 236 501 nostro
256 435 408 499 videlicet
432 454 502 497 rem
518 433 718 518 concipiendi
743 434 854 507 modo,
885 452 946 518 qus
965 433 1073 508 Peter,
1097 434 1327 520 quodammodo

123 561 303 606 sermonem
322 539 526 626 proferendo,
543 561 600 623 per
610 539 724 603 Filium
742 539 892 602 mundum
910 537 1034 602 creavit
1050 539 1088 623 ¹),
1109 539 1208 603 simili
1223 561 1328 614 sensu,

124 645 297 732 quostiam
315 644 457 728 Spiritus
476 647 510 709 S.
528 646 647 729 duplex
666 643 800 718 missio,
822 643 946 706 interne
966 644 1005 706 ad
1030 643 1168 709 divinem
1187 657 1328 723 usturam

123 749 310 817 necessario
332 749 516 834 pertinens,
547 761 580 812 et
607 761 743 812 externa
774 749 814 810 sd
845 747 1040 832 peculiarem
1074 748 1227 815 effectum
1250 753 1330 836 ejus-

124 858 196 920 dem
217 856 248 920 in
270 855 387 918 mundo
409 852 527 919 visibili
549 855 781 941 designandum
803 853 996 918 discernitur
1018 852 1058 939 ²).
1087 893 1135 912 -.
1156 856 1331 943 Cypria·

123 982 216 1036 nus,
240 960 508 1048 Carthaginensis
525 959 674 1039 Praesul‚
701 960 747 1024 vir
765 957 938 1046 singularis
954 961 1105 1025 candoris
1122 981 1164 1026 se
1181 983 1332 1029 mensue-

128 1064 257 1138 tudinis,
273 1065 480 1151 praecipuum
493 1064 731 1151 Episcoporum
745 1085 783 1129 ac
793 1066 973 1147 Martyrum
996 1066 1112 1141 lumen,
1129 1090 1189 1154 pro
1210 1069 1333 1135 Christi

124 1170 188 1236 fids
201 1170 305 1257 capite
314 1171 426 1250 plexus
436 1192 463 1234 a.
475 1175 546 1246 258,
552 1173 646 1255 juxta
661 1171 741 1234 alios
751 1175 838 1237 itit:
861 1172 970 1248 Hujus
984 1177 1080 1250 igitur
1091 1180 1218 1251 pratiae
1235 1178 1332 1237 disai-

122 1279 294 1357 pliuaepue
302 1275 466 1352 (omnihus
476 1275 627 1362 gentihus
644 1275 842 1359 promissae]
853 1278 972 1337 arbiter
980 1281 1170 1355 stmapister
1191 1286 1334 1343 Sarma
1451 1316 1453 1323 ·

123 1388 154 1444 et
173 1383 241 1447 liii
248 1386 310 1445 ius
330 1382 409 1443 Dei
430 1386 581 1460 mittitur,
604 1387 658 1463 qui
675 1403 734 1461 per
755 1383 931 1473 Prophetas
959 1402 1068 1444 omues
1093 1392 1180 1446 retro
1212 1388 1333 1449 illumi·
1445 1420 1454 1433 =

123 1494 216 1549 natur
237 1509 275 1548 ar
297 1488 406 1549 ductor
427 1490 558 1550 humaui
570 1491 700 1564 perraris
716 1488 973 1564 praedicabatur.
997 1488 1073 1549 Hir
1095 1499 1172 1567 est=
1192 1496 1334 1553 virtus
1436 1513 1456 1543 ⁴-

126 1579 217 1674 uei,
240 1594 456 1665 hieratio,
478 1595 877 1670 biasapieutiaep'us
899 1593 1123 1676 etaloria3
1147 1595 1331 1659 hiaiuVir·
1442 1628 1454 1640 ·

123 1705 230 1776 pinam
247 1699 408 1769 illabitur,
430 1717 598 1758 caruem
619 1695 810 1775 Spiritus
831 1705 1013 1759 sauctus
1035 1692 1117 1782 (Dei
1135 1696 1256 1773 Filius)
1272 1705 1331 1762 iu·
1437 1731 1455 1744 -

124 1807 296 1875 (luitur,
324 1803 437 1862 Deus
466 1821 550 1862 rum
578 1802 739 1864 homine
769 1808 996 1866 miscetur:
1025 1805 1096 1864 his
1126 1803 1244 1865 Deus
1265 1827 1332 1868 ua·

122 1915 231 1987 ster,
253 1909 318 1968 hir
343 1906 543 1968 Christus
564 1914 644 1984 est,
668 1911 721 1986 qui
736 1908 894 1968 mediatur
910 1915 1045 1968 duorum
1055 1908 1332 1988 huminemiuduit,

17 2019 21 2031 “
123 2033 217 2096 purus
227 2017 387 2094 perducat
402 2018 445 2072 art
467 2012 597 2072 Patrem
613 2019 651 2085 ³).
673 1995 824 2073 Etelihi:
845 2012 884 2073 Si
904 2010 962 2086 (ah
991 2009 1167 2076 haereticis
1192 2012 1331 2097 baptize-

123 2121 190 2197 tus)
212 2119 432 2195 sanctificatus
451 2121 517 2194 est,
539 2119 569 2175 si
594 2117 742 2193 templum
764 2118 826 2176 Dei
843 2118 955 2189 fartus
980 2122 1046 2190 est,
1070 2137 1188 2196 quaero
1212 2121 1333 2192 eujus
1440 2135 1458 2159 '³

122 2223 227 2284 Dei?
247 2219 285 2282 Si
309 2219 487 2291 Oreataris,
521 2239 585 2282 stau
615 2225 736 2297 patuit,
769 2225 845 2301 quia
877 2225 912 2282 iu
946 2241 1016 2282 eum
1052 2241 1119 2296 uua
1156 2223 1278 2284 eredit:
1305 2227 1334 2282 si
1412 2218 1435 2229 ’
1451 2242 1463 2251 ·“

125 2327 314 2404 Christi,
344 2344 403 2386 aec
431 2324 532 2397 hujus
556 2327 630 2403 lieri
655 2331 758 2402 potuit
785 2327 953 2402 templum,
994 2328 1048 2408 qui
1076 2333 1175 2404 uerat
1204 2327 1331 2388 Deum
1441 2355 1442 2359 ,

126 2431 362 2496 Christum:
389 2433 419 2488 si
447 2432 637 2507 Spiritus
666 2437 710 2501 8.,
740 2450 824 2491 sum
855 2438 949 2492 tres
977 2449 1098 2491 unum
1118 2435 1230 2509 siut,
1253 2452 1332 2513 puo-

122 2543 214 2598 mmio
236 2539 373 2612 Spiritus
394 2531 429 2594 S.
448 2534 595 2611 placatus
617 2555 687 2595 esse
709 2541 737 2595 ei
756 2543 869 2614 potest,
892 2538 946 2617 qui
968 2541 1025 2595 aut
1043 2533 1134 2595 Fili
1153 2539 1165 2595 i
1186 2546 1247 2598 aut
1265 2538 1331 2598 Pa·

102 2663 104 2669 ·
130 2644 216 2703 tris
235 2643 384 2699 iuimicus
406 2648 455 2697 est
475 2635 513 2719 ⁴).
537 2673 577 2684 -
598 2638 833 2713 Arnohius,
858 2659 900 2702 ex
918 2638 1148 2703 christianismi
1167 2640 1334 2731 impugna-

126 2755 196 2808 tore
214 2741 367 2805 defensor
385 2741 529 2818 eJusdem
548 2741 703 2826 egregius
728 2743 832 2807 sactus
856 2743 888 2820 [†
913 2748 1001 2823 326):
1031 2746 1153 2808 Natum
1178 2750 1335 2811 homiuem

124 2851 227 2914 solitis
250 2842 396 2931 (dicitis).
422 2854 526 2909 Etiam
549 2852 578 2909 si
603 2856 688 2909 esset
707 2850 742 2909 ut
765 2870 891 2922 serum,
921 2851 1000 2913 loris
1022 2858 1059 2913 ut
1068 2854 1103 2912 iu
1113 2857 1335 2930 superioribus

124 2958 325 3032 dictumest,
357 2959 463 3014 tameu
480 2973 540 3032 pra
568 2954 693 3026 multis,
717 2961 749 3015 et
770 2962 834 3016 tam
854 2955 1039 3017 liberalibus
1052 2960 1145 3018 donis
1154 3002 1167 3036 ,
1191 2979 1275 3041 quae
1296 2969 1334 3022 ap
1449 2970 1463 2990 ·

124 3081 163 3124 ea
179 3063 325 3140 perfecta
336 3062 371 3118 iu
387 3060 476 3120 uobis
498 3067 590 3130 suut,
611 3066 699 3121 Deus
731 3061 792 3120 diei
827 3061 1044 3141 appellarique
1078 3063 1334 3137 dalaricus·

123 3186 218 3229 asro
247 3165 359 3225 Deus
385 3170 447 3226 sit
475 3187 524 3226 re
554 3175 671 3227 cartu
692 3176 730 3227 et
750 3169 845 3228 siue
867 3168 1003 3229 ullius
1025 3171 1083 3229 rei
1105 3168 1333 3238 dubitatio·

123 3276 188 3335 uis
222 3276 435 3346 ambipuo,
465 3272 663 3350 inficiaturos
691 3273 892 3334 arbitramini
914 3293 976 3335 uos
999 3293 1091 3346 esse,
1113 3294 1233 3355 quam
1254 3299 1330 3340 au-

125 3383 234 3449 xime
255 3376 370 3438 illum
391 3397 412 3436 a
433 3377 550 3436 nabis
571 3376 669 3449 cali,
692 3384 723 3437 et
737 3378 921 3455 praesidem
939 3384 1040 3440 riustri
1066 3385 1211 3455 corporis
1239 3402 1325 3444 uuu-

123 3482 260 3560 aupari?
280 3481 420 3558 Erpoue,
442 3483 566 3559 inquiet
581 3463 835 3560 uliquissursus,
856 3487 972 3561 iratus,
995 3490 1192 3562 superstrui,
1214 3487 1330 3550 Deus

124 3586 197 3647 ills
227 3590 296 3646 ert
324 3583 544 3644 Christus?
575 3585 686 3644 Deus
712 3586 992 3667 respondebimus,
1028 3590 1331 3655 stiuterioruus
1443 3607 1445 3610 ’

122 3691 403 3765 potentiarum
423 3690 554 3749 Deus:
576 3688 707 3768 siquod
722 3694 825 3765 mapis
840 3694 956 3770 insides
982 3694 1196 3771 acerbissimis
1215 3697 1328 3760 datari-

124 3793 183 3854 bus
199 3799 362 3874 torqueat,
385 3799 432 3855 rei
446 3797 610 3856 marimae
626 3812 725 3855 causa
741 3815 760 3855 a
778 3814 899 3856 summo
919 3797 1007 3875 Repe
1022 3799 1068 3859 cul
1077 3818 1137 3861 uas
1152 3803 1274 3863 misem
1290 3807 1325 3875 5).
1428 3831 1456 3847 ·

160 4033 184 4093 ¹)
203 4029 246 4082 (ii.
264 4033 304 4082 lb.
322 4042 350 4082 a.
364 4034 393 4082 1.
411 4044 438 4097 p.
456 4030 507 4081 408
524 4045 549 4082 s.

158 4118 183 4183 2)
202 4118 333 4171 Conferri
347 4119 439 4170 adhue
457 4123 567 4184 potest:
587 4125 627 4172 De
643 4127 802 4183 praescripr.
821 4142 848 4176 a.
868 4130 916 4178 13.
942 4125 1014 4196 Qpp.
1038 4127 1074 4179 V.
1103 4128 1127 4177 1.
1150 4141 1179 4193 p.
1204 4129 1266 4183 333.
1288 4131 1325 4179 lle

125 4210 191 4270 airu.
208 4213 317 4261 veland.
334 4225 361 4260 u.
378 4214 405 4260 1.
426 4209 462 4262 V.
480 4212 506 4262 2.
525 4224 550 4274 p.
569 4212 612 4262 25.
632 4217 673 4262 De
690 4226 764 4264 caru.
783 4216 844 4265 Chr.
859 4230 885 4265 u.
908 4218 991 4267 3—5.
1017 4228 1046 4281 p.
1063 4215 1097 4268 hh
1114 4229 1157 4266 ss·
1181 4219 1225 4270 De
1244 4232 1324 4270 remr-

124 4307 190 4352 reet.
209 4314 286 4350 caru.
305 4315 332 4350 u.
353 4303 380 4350 6.
398 4313 425 4364 p.
444 4301 477 4351 ts
494 4315 519 4353 s.

136 4449 138 4453 y
158 4377 184 4447 ³)
202 4390 244 4438 De
259 4390 323 4439 idat.
343 4390 425 4441 uruit.
443 4405 470 4440 u.
490 4394 514 4439 1.
533 4389 603 4456 0pp.
622 4390 655 4440 V.
673 4391 699 4441 2.
718 4405 744 4455 p.
765 4393 823 4442 110.

158 4472 185 4538 ⁶)
203 4480 290 4536 Epist.
310 4482 358 4528 73.
376 4482 420 4528 uri.
438 4481 531 4539 Jubaj.
550 4496 577 4530 a.
596 4481 625 4530 8.
643 4480 678 4530 V.
699 4481 721 4530 1.
742 4495 769 4545 ρ.
787 4483 993 4542 sincerum.
1005 4488 1251 4545 numismatis.
1263 4495 1323 4544 Lu.

127 4580 154 4633 p.
174 4568 222 4617 169
235 4581 275 4618 ss.
294 4570 381 4626 Epist.
401 4571 449 4617 56.
468 4573 503 4618 rte·
520 4573 619 4621 suhart.
638 4579 715 4621 uiuri.
735 4587 759 4621 u.
780 4575 806 4621 5.
823 4577 851 4623 8.
871 4585 899 4638 p.
920 4575 978 4625 tls.
998 4575 1055 4625 151.

160 4642 188 4720 ⁵)
201 4655 268 4706 Acir.
290 4659 366 4710 Geat.
386 4662 404 4708 l.
423 4660 450 4708 1.
465 4673 492 4709 u.
511 4662 560 4719 42,
579 4673 604 4724 p.
623 4661 667 4714 26.
687 4659 729 4712 cf.
748 4665 767 4713 l.
787 4667 813 4712 1.
830 4679 855 4713 u.
869 4667 909 4714 43
926 4677 965 4714 ss.
983 4676 1011 4728 p.
1028 4665 1063 4714 26
1080 4679 1121 4717 ss.
