2926 5168
121 215 182 280 aaa

119 363 269 429 Ecclesia
301 375 413 428 contra
444 362 651 427 adversarios
678 364 824 426 laudatos
848 362 978 446 publica
1010 363 1158 427 doctrina
1188 383 1227 426 ao
1253 358 1326 425 fidoi

120 469 323 555 professione
343 480 449 532 tuetur
468 489 506 532 ac
522 467 699 531 confirmat.
721 468 766 531 Et
782 466 908 551 quidem

244 577 282 639 A.
305 576 366 639 SS.
397 573 593 637 Litterae
622 572 737 655 partim
766 571 962 658 Angelorum
994 572 1213 654 adpetitiones
1243 590 1327 632 com-

121 692 311 763 memorant,
326 679 440 764 partim
460 678 600 742 definitis
619 677 727 741 verbis
752 676 898 763 Angelos
917 676 1060 739 existere
1075 675 1246 740 allirmant
1271 674 1327 738 Sic

205 805 232 848 a.
256 797 404 860 narrant,
427 784 573 870 Angelos
597 782 787 868 adparuisse
813 783 996 847 Abrahamo
1017 793 1091 846 ante
1120 781 1327 845 eversionem

122 890 336 952 Sodomorum
371 899 418 967 ¹),
451 901 484 952 et
511 889 628 959 iterum
656 909 729 952 cum
758 908 884 950 manum
916 887 1138 961 extendisset,
1173 899 1209 951 ut
1231 885 1328 949 fllium

123 1016 215 1058 suum
236 968 329 1058 Isaac
351 994 531 1056 immolaret
556 994 603 1078 ²};
635 993 749 1056 deinde
771 991 896 1079 Hagari
919 992 945 1076 ³)
958 1016 967 1065 3
996 1003 1066 1054 tum
1091 991 1211 1064 Lotho,
1236 1009 1326 1074 quem

122 1120 194 1163 curn
214 1120 316 1163 uxore
342 1110 375 1161 et
393 1099 515 1161 duabus
542 1097 616 1161 filiis
633 1097 786 1160 Sodomis
813 1097 988 1161 educentes
1011 1097 1050 1158 ab
1066 1095 1199 1158 interitu
1217 1094 1327 1158 libera·

122 1217 196 1269 runt
218 1213 264 1280 4);
286 1215 376 1290 post,
399 1204 560 1289 Angelum
580 1202 838 1286 Raphadlem
865 1201 998 1265 missum
1016 1221 1091 1264 esse
1116 1201 1154 1263 ad
1179 1198 1325 1270 Tobiam,

124 1310 175 1394 qui
192 1311 275 1372 huuc
292 1320 325 1371 et
342 1309 456 1371 Saram
475 1306 631 1394 Raguelis
645 1306 741 1370 liliam
761 1318 890 1371 curaret
907 1307 943 1389 5),
967 1316 1061 1393 atque
1081 1302 1326 1368 Gabrielem

124 1414 163 1476 ad
179 1413 366 1487 Danielem,
388 1423 424 1475 ut
448 1411 478 1474 ei
502 1412 703 1495 prophetiam
722 1400 763 1475 *dc
783 1412 877 1499 Rege
896 1411 1078 1494 impudente
1095 1410 1140 1492 ⁰),
1165 1408 1326 1472 etiterum

124 1518 163 1579 de
191 1516 397 1603 septuaginta
417 1516 670 1579 hebdomadibus
691 1516 833 1579 adferret
859 1526 905 1590 ⁷),
935 1526 970 1578 ut
1002 1515 1080 1578 alias
1112 1512 1326 1598 adparitiones

123 1621 296 1706 Prophetis
320 1632 352 1684 et
382 1619 461 1684 viris
492 1621 613 1685 sanctis
643 1621 744 1686 factas
776 1622 1071 1704 praetermittamus
1102 1620 1140 1705 Β).
1173 1619 1220 1684 llt
1252 1619 1326 1681 haec

125 1727 250 1813 quidem
274 1737 447 1790 occurrunt
468 1726 500 1789 in
522 1727 612 1789 libris
636 1733 670 1789 A.
695 1729 738 1791 Τ.
761 1765 801 1773 -
823 1726 858 1789 fu
883 1725 972 1789 libris
995 1738 1101 1790 autem
1123 1727 1165 1791 N.
1196 1724 1232 1786 F.
1255 1720 1326 1806 legi·

126 1854 216 1905 mus,
246 1831 435 1915 adparuisse
464 1831 626 1916 Angelum
658 1830 924 1904 Zachariae,
958 1831 1010 1896 cui
1042 1812 1246 1894 nativitatem
1275 1824 1327 1888 titii

126 1937 290 2022 praedicit,
311 1935 459 2020 huncque
481 1937 640 1999 loannem
672 1935 784 1999 vocari
805 1934 964 2019 praecipit
985 1938 1032 2020 9);
1064 1935 1137 1999 dein
1160 1933 1327 2003 hlariao,

126 2041 370 2125 conceptionem
394 2052 426 2103 et
442 2040 639 2104 nativitatem
655 2039 800 2104 hlessiae
817 2040 1055 2104 annuntiantem
1078 2041 1138 2123 ¹⁰);
1163 2051 1230 2103 tum
1245 2037 1327 2100 visos

126 2146 227 2210 fuisse
248 2147 411 2233 Angelos,
444 2167 537 2231 quum
562 2148 723 2209 desua
753 2159 966 2220 nasceretur,
995 2157 1089 2230 atque
1119 2144 1205 2208 hunc
1227 2157 1328 2206 natum

127 2251 309 2336 pastoribus
329 2252 537 2315 annuntiasse
557 2252 615 2335 ¹¹J3
640 2262 754 2336 postea
771 2250 945 2315 Christo
967 2262 1041 2335 post
1054 2249 1215 2334 jejunium
1236 2260 1269 2312 et
1285 2248 1327 2310 de·

126 2359 246 2424 victum
256 2370 401 2422 satanam
417 2358 619 2422 ministrasse
638 2367 688 2432 ¹²),
702 2358 806 2443 ipsum
820 2357 1045 2445 agonizantem
1061 2354 1270 2420 confortasse
1287 2359 1327 2435 13),

129 2467 198 2549 ejus
234 2463 510 2529 resurrectionem
549 2467 588 2528 ad
629 2464 833 2549 sepulchrum
870 2471 932 2539 14),
963 2473 995 2526 et
1026 2483 1121 2546 quum
1151 2460 1184 2522 in
1211 2458 1326 2523 coelun

128 2569 331 2640 ascenderet,
356 2571 424 2654 ejus
443 2570 618 2634 secuudum
635 2570 806 2632 adventum
825 2567 1031 2630 annuntiasse
1051 2566 1112 2650 ¹⁵];
1128 2566 1260 2629 tandem
1275 2565 1325 2626 An·

129 2674 237 2761 gelum
261 2674 438 2756 Apostolos
467 2675 524 2757 ¹⁶),
555 2673 733 2744 etiterum
754 2672 924 2736 Petrume
945 2671 1257 2735 carceraliberasse
1287 2666 1322 2748 ¹⁷).

129 2780 179 2841 Ad
195 2788 338 2841 nostram
359 2763 484 2842 scilicet
503 2782 640 2844 salutem
654 2778 908 2862 promovendam
927 2776 1039 2851 creati,
1061 2775 1237 2859 praecipue
1259 2785 1319 2835 tunc

129 2897 327 2968 comparent,
362 2883 416 2946 ubi
441 2885 564 2949 dehac
589 2886 685 2948 modo
711 2882 968 2947 extraordinario
992 2881 1201 2965 provehenda
1221 2876 1318 2964 agitur.

129 2989 233 3054 Porro

165 3181 187 3246 ¹)
208 3181 279 3233 Gen.
302 3183 372 3241 13,1
393 3195 434 3232 ss.

163 3271 188 3334 ²)
207 3272 281 3324 Gan,
297 3271 339 3331 22,
361 3273 389 3321 11
410 3285 451 3322 ss.

163 3357 188 3426 3)
207 3362 279 3412 Gen.
298 3362 341 3420 21,
361 3363 402 3410 tt.
415 3362 463 3418 16,
483 3363 498 3409 7
517 3374 559 3410 ss.

163 3447 617 3514 ommwmmmm

164 3534 188 3601 ⁵)
206 3538 276 3589 Tob.
294 3541 319 3599 ³,
337 3540 380 3599 25,
399 3542 424 3600 6,
443 3541 460 3588 5
477 3552 518 3589 ss.

164 3625 189 3691 ο)
207 3628 281 3682 Dan.
301 3630 326 3693 8,
347 3630 377 3678 16
396 3641 436 3680 ss.

165 3715 189 3780 ⁷)
208 3719 281 3769 Dan.
299 3718 325 3778 9,
343 3718 374 3767 21
395 3730 434 3768 ss.

166 3803 190 3868 8)
209 3807 277 3860 dud,
300 3809 340 3867 13,
358 3810 385 3860 2.
403 3810 445 3860 20.
464 3811 489 3860 3.
507 3810 576 3871 fleg.
599 3808 639 3867 19,
657 3808 683 3860 6,
703 3806 728 3858 h.
747 3805 813 3870 fleg.
838 3808 859 3868 l,
878 3805 902 3854 ³.

153 3895 276 3962 45911110.
297 3900 321 3959 l,
341 3899 370 3948 11
391 3910 432 3948 ss.

168 3983 204 4051 10)
222 3988 323 4041 Matth.
339 3987 365 4048 ’1,
383 3990 418 4039 20
436 3981 569 4041 asbus,
585 3988 608 4049 1,
627 3989 660 4037 26
670 4000 720 4037 ss.

168 4077 205 4139 ¹¹)
223 4079 293 4129 huo.
311 4081 337 4138 2,
355 4082 372 4129 9
392 4092 435 4151 ss.

169 4167 203 4231 12)
222 4167 323 4218 matta.
342 4168 367 4229 1,
389 4172 428 4222 ιι.

168 4248 203 4319 ¹³)
220 4257 290 4310 Luc.
309 4259 350 4318 22,
369 4257 413 4310 13.

170 4343 203 4410 ¹4)
221 4345 324 4399 Matth.
343 4349 385 4407 28,
404 4349 421 4396 2
438 4361 477 4397 ss.
497 4345 586 4398 utare.
609 4348 647 4403 16,
665 4347 682 4395 6
699 4359 739 4396 ss.
758 4346 839 4396 Joan.
857 4346 899 4406 20,
920 4346 950 4394 11
970 4356 1008 4393 ss.

170 4431 203 4501 15)
224 4438 287 4489 aar.
310 4441 332 4497 r,
353 4439 384 4486 ro
403 4448 444 4485 sa.
592 4415 597 4423 ’

170 4520 203 4586 ¹⁶)
222 4530 285 4576 Act.
303 4532 328 4585 6,
350 4527 380 4574 19
399 4539 422 4575 s.

170 4613 202 4681 ¹⁷)
222 4618 281 4666 Act.
304 4618 343 4677 12,
362 4618 377 4666 7
392 4629 433 4667 ss.
449 4613 492 4666 ct.
510 4615 573 4666 Act.
590 4616 633 4671 27,
651 4615 683 4664 23
699 4627 739 4670 ss.
756 4615 844 4679 Apoo.
863 4617 903 4674 16,
926 4615 937 4663 1
960 4626 1003 4665 ss.
1023 4613 1064 4673 12,
1080 4614 1095 4662 7
1111 4624 1153 4661 ss.
1171 4608 1283 4669 19111.
