2926 5168
1207 250 1271 322 tto

63 404 239 493 praeditae,
253 415 396 469 attamen
413 403 536 470 ratione
552 419 712 482 carentes,
728 406 890 483 felicitate,
905 418 1038 472 naturae
1051 428 1132 472 vero
1144 408 1269 473 rationo

61 529 100 574 ac
122 508 271 575 libertate
292 509 471 576 instructae
490 509 691 596 perfectione
715 513 829 577 morali
863 524 896 578 et
917 512 1084 599 aliquando
1116 513 1270 578 beatitate

62 635 207 703 congrua
228 615 401 700 potiantur,
422 616 454 681 in
486 619 633 682 omnibus
656 629 763 683 autem
791 617 914 685 inlinita
937 618 999 683 Dei
1029 618 1186 703 perfectio
1209 639 1271 684 ma·

60 720 242 785 nilestetur.

144 826 211 890 Pro
234 827 470 914 gubernatione
491 826 599 913 itaque
622 827 730 892 mundi
753 825 869 904 divina,
896 827 937 893 nil
959 827 990 891 in
1013 829 1132 892 muodo
1154 826 1272 892 accidit

60 943 116 997 aut
146 930 200 1006 lit,
227 932 301 996 Deo
332 932 435 998 inscio
464 945 519 997 aut
550 934 701 1009 nolente,
736 934 778 998 nil
816 934 886 998 sine
921 935 1012 1016 justa
1050 932 1270 1018 dispositione,

60 1036 167 1122 nilque
195 1035 266 1101 sine
296 1036 423 1100 ratione
454 1059 493 1104 ac
523 1037 604 1113 line,
636 1050 731 1125 atquo
762 1061 821 1126 per
852 1039 988 1103 eandem
1019 1037 1124 1102 omnis
1155 1038 1271 1118 impru-

60 1142 168 1206 dentia
190 1163 250 1207 seu
272 1134 376 1220 ἄνοια,
408 1164 447 1210 ac
469 1143 635 1208 temeritas
658 1165 717 1209 seu
740 1143 869 1227 ἀβουλία
890 1145 940 1206 καὶ
972 1140 1093 1226 μάτων,
1126 1144 1183 1212 alle
1206 1142 1271 1210 (bo

60 1247 388 1332 bonlsnlollgleltttttb
404 1250 635 1335 lilonlollgltit,
659 1251 851 1324 excluditur,
875 1261 908 1314 et
923 1251 996 1314 ideo
1018 1269 1144 1334 quoque
1166 1248 1272 1312 omnis

60 1370 190 1417 casus
208 1373 309 1440 aeque
327 1374 366 1419 ac
385 1354 639 1430 fatalismus,
658 1366 755 1440 prout
769 1376 862 1421 error
879 1353 1212 1419 Manichaeorum
1232 1354 1272 1438 ¹),

61 1456 505 1524 Priscillianistarnm
538 1472 572 1524 et
599 1461 885 1526 catharorum
916 1469 955 1537 ²),
992 1479 1052 1523 nec
1084 1480 1147 1522 non
1170 1458 1272 1522 Gno-

59 1563 271 1640 sticorum,
294 1587 429 1652 qnorum
450 1566 495 1630 illi
518 1567 600 1630 mala
623 1567 729 1631 omnia
751 1568 969 1652 cujuscunque
993 1563 1124 1653 generis
1147 1569 1272 1648 aprio

58 1669 146 1754 cipio
179 1676 284 1747 malo,
317 1670 350 1735 hi
379 1692 459 1736 vero
491 1672 530 1735 ab
564 1670 720 1735 aeonibus
750 1693 768 1735 e
797 1673 870 1736 Deo
906 1669 1063 1735 emanatio
1086 1681 1119 1732 et
1143 1689 1273 1754 semper

58 1775 166 1862 magis
191 1776 230 1841 ab
252 1775 325 1860 ipso
346 1776 575 1842 recedentibus
598 1775 797 1845 derivabant.

141 1881 248 1945 Porro
280 1878 358 1946 licet
388 1880 580 1968 gubernatio
616 1882 718 1946 relate
748 1883 788 1945 ad
821 1883 927 1946 Deum
955 1901 1038 1944 unus
1068 1899 1106 1944 ac
1137 1879 1272 1959 simplex

58 1997 153 2050 actus
182 1985 243 2071 sit3
271 2006 366 2071 quum
397 1998 504 2050 tamen
534 1985 633 2052 indoli
662 1986 782 2051 entium
817 1997 1003 2051 creatorum
1032 1985 1272 2050 adcommoderi

57 2091 185 2163 debeat,
208 2088 355 2176 entiaque
378 2090 440 2154 alia
461 2090 625 2154 inmundo
648 2091 763 2154 dentur
785 2089 912 2153 ratione
935 2109 973 2154 ac
995 2089 1144 2154 libertate
1167 2088 1272 2153 desti·

56 2206 136 2270 tuta,
159 2207 269 2281 utpote
292 2195 436 2260 adfines
459 2195 660 2257 solummodo
692 2192 847 2278 physIcos
882 2194 1057 2269 destinata,
1091 2194 1152 2258 alia
1174 2214 1273 2278 prae·

57 2300 133 2373 dita,
157 2309 269 2384 utpote
291 2301 330 2363 ad
353 2299 567 2363 moralitatem
591 2311 722 2364 creatas
746 2300 864 2383 duplex
886 2320 1012 2384 quoque
1028 2301 1135 2364 mundi
1156 2301 1273 2387 guber·

57 2404 156 2481 natio,
187 2405 363 2490 physica
386 2424 425 2469 ac
452 2401 633 2479 moralis,
655 2404 799 2470 discerni
827 2415 955 2488 potest,
984 2424 1118 2488 quarum
1147 2405 1202 2469 illa
1232 2407 1271 2469 ad

56 2510 211 2574 mundum
233 2509 402 2595 physicum
424 2510 583 2582 refertur,
607 2510 689 2574 haec
712 2510 751 2572 ad
776 2508 861 2573 entia
883 2507 986 2573 libera
1006 2508 1038 2572 in
1062 2510 1180 2574 mundo
1202 2509 1271 2574 atti·

58 2627 122 2681 net.
152 2614 354 2680 Gubernatio
385 2614 521 2700 physica
554 2614 661 2700 itaque
692 2625 821 2679 constat
848 2613 881 2677 in
911 2613 1019 2677 mundi
1049 2614 1174 2698 physici
1211 2634 1270 2679 seu

56 2742 168 2785 rerum
188 2720 314 2786 ratione
344 2720 522 2785 carentium
545 2719 756 2804 dispositione
790 2730 823 2783 et
852 2717 997 2783 adfines
1020 2717 1081 2782 sibi
1102 2719 1270 2803 praefixos

56 2826 251 2906 directione,
273 2838 368 2912 atque
390 2825 422 2890 in
445 2846 484 2890 ea
506 2825 710 2890 necessitans
733 2823 857 2888 obtinet
878 2823 1034 2899 inlluxns,
1057 2845 1118 2889 nec
1141 2826 1271 2891 aberra·

57 2931 137 2996 tioni
159 2932 254 2996 datare
274 2932 373 2996 locus.
394 2930 530 2994 Moralis
553 2943 659 2994 autem
683 2929 790 2993 mnndi
823 2930 1015 3017 gubernatio
1036 2929 1068 2994 in
1092 2930 1270 2996 directione

56 3036 178 3103 entium
200 3035 368 3100 moralium
390 3036 430 3102 ad
452 3035 550 3099 linem
572 3056 664 3099 snum
698 3034 843 3098 ultimum
876 3034 1043 3110 consistit,
1078 3046 1173 3120 atque
1205 3035 1270 3099 vim

57 3152 230 3229 cogentem
252 3162 322 3214 sen,
347 3152 382 3205 ut
401 3141 501 3224 ajunt,
524 3139 777 3206 necessitantem
801 3132 934 3226 respuit.

144 3246 294 3310 Tandem
317 3244 525 3334 gubernatio,
547 3258 644 3329 prout
665 3243 883 3317 conservatio,
906 3242 1042 3328 physica
1064 3264 1102 3308 ac
1124 3245 1269 3320 moralis,

58 3362 124 3416 tam
146 3351 263 3415 adres
286 3351 379 3415 simul
401 3361 536 3425 sumtas‚
560 3370 653 3436 quam
669 3350 709 3414 ad
732 3350 888 3438 singulas,
912 3361 945 3413 et
965 3348 1131 3434 posterior
1153 3349 1270 3415 iterum

59 3469 126 3521 tum
148 3457 189 3520 ad
211 3466 312 3521 totum
335 3476 440 3544 genus
462 3456 654 3529 humanum,
693 3467 760 3519 tum
782 3456 821 3518 ad
844 3475 981 3540 regnum
1004 3453 1068 3517 Dei
1095 3454 1269 3519 inmundo

57 3561 186 3627 visibile
209 3582 268 3634 seu
289 3561 330 3625 ad
351 3558 555 3636 Ecclesiam,
584 3572 651 3624 tum
684 3561 723 3624 ad
747 3560 906 3648 singulum
939 3560 1083 3646 quemvis
1106 3561 1268 3626 hominem

56 3666 214 3742 refertur,
245 3678 278 3729 et
306 3665 380 3731 hinc
402 3666 498 3731 etiam
521 3677 678 3752 quatenns
707 3665 815 3730 omnia
841 3684 903 3729 una
925 3666 1179 3749 comprehendit,
1203 3687 1295 3754 go·-

55 3769 227 3837 neralis
259 3792 318 3837 seu
348 3771 631 3848 universalis,
662 3784 821 3857 qnatenus
850 3782 958 3835 cutem
981 3772 1020 3834 ad
1042 3791 1097 3834 res
1120 3772 1267 3860 singulas

56 3887 196 3964 spectat,
219 3877 440 3961 specialis,
473 3879 525 3943 vel
546 3898 648 3953 vero,
670 3875 715 3939 nti
741 3877 862 3962 passim
883 3887 1053 3962 receptum
1076 3889 1137 3953 est,
1161 3889 1268 3963 quate·

56 4004 119 4047 nus
141 3984 181 4046 ad
203 3994 313 4067 partes
335 3981 450 4058 totius,
483 3994 515 4047 et
537 3981 705 4068 speciatim
729 3983 769 4046 ad
791 3981 975 4048 Ecclesiam
995 3982 1154 4057 refertur,
1184 4005 1267 4070 spe·

56 4087 205 4162 cialis,
237 4099 270 4153 et
302 4099 457 4173 quatenns
488 4088 528 4151 ad
559 4109 613 4152 res
654 4087 799 4175 singulas
833 4087 1018 4152 nominatim
1048 4088 1088 4152 ad
1122 4087 1267 4176 singulos

55 4192 206 4258 homines
227 4193 350 4268 attinet,
373 4192 703 4278 specialissima
725 4192 820 4255 audit.

92 4447 118 4514 ¹)
136 4448 178 4499 cf.
197 4448 479 4501 TitBostrens.
506 4442 573 4501 dds.
600 4446 721 4500 uastat.
746 4448 765 4498 l.
794 4446 821 4497 1.
841 4463 868 4501 n.
890 4453 917 4500 1.
936 4444 968 4498 Ia
991 4446 1173 4502 (halland.
1193 4449 1265 4504 stol.

53 4545 113 4596 PP.
131 4540 165 4592 tt
181 4543 206 4591 5.
224 4553 252 4606 p.
272 4541 332 4594 269.

88 4629 115 4699 ²)
133 4629 177 4685 cf.
194 4628 289 4694 stet,
308 4628 451 4697 Quantas.
470 4625 574 4696 molor,
596 4629 668 4680 1837.
687 4630 712 4681 1.
729 4622 765 4680 id.
783 4640 811 4692 p.
829 4628 889 4678 328.
