2926 5168
119 346 190 411 riae
211 343 404 412 formatione
421 345 558 431 primum
575 342 607 408 in
630 342 838 431 sequentibus
865 341 1015 407 versibus
1034 362 1128 409 sacer
1152 355 1266 410 auctor
1284 345 1328 408 lo·

120 451 239 538 quitur,
262 462 295 516 et
315 450 442 538 quidem
457 450 488 514 in
505 448 708 537 oppositione
726 470 843 514 versus
861 447 965 533 primi,
987 448 1032 513 ita
1051 459 1086 512 ut
1101 448 1133 513 in
1146 449 1248 515 hocce
1267 468 1328 513 non

120 556 161 621 de
171 554 228 621 illa
238 554 318 642 ipsa,
334 567 368 620 et
376 554 450 620 ideo
463 556 629 621 dumtaxat
643 556 681 620 de
693 576 773 620 vera
782 567 814 619 et
823 553 953 639 propria
964 553 1057 634 molis
1064 553 1246 643 indigestae
1257 575 1329 639 pro·

120 661 289 728 creatione
305 683 415 727 sermo
432 681 507 726 esse
521 661 636 746 possit.
652 660 709 726 Sic
723 681 848 747 quoque
866 659 982 724 Judaai
999 659 1105 726 locum
1122 671 1267 727 nostrum
1283 659 1327 723 in·

121 767 318 856 telligebant
336 766 419 833 Nam
436 766 563 833 nonnisi
586 765 659 830 inda
680 764 859 851 explicatur
877 765 1056 831 communis
1072 787 1183 831 eorum
1199 765 1281 831 fides
1296 763 1329 829 in

121 873 320 939 creationem
347 872 455 938 mundi
484 893 526 938 ex
550 871 664 948 nihilo,
696 872 788 956 cujus
813 871 1100 937 luculentissimum
1128 871 1221 936 nolis
1240 890 1329 956 prae·

121 979 201 1044 bent
220 979 439 1044 testimonium
458 979 560 1043 verba
574 976 927 1052 matrisMachabaeae‚
945 978 1057 1064 quibus
1077 976 1192 1043 affatur
1206 987 1329 1062 septem

96 1085 262 1150 'liliorum
278 1084 585 1151 adolescentiorem:
608 1092 696 1167 Peto,
719 1082 837 1170 iuquit,
860 1092 944 1160 nate,
966 1093 1003 1147 ut
1032 1089 1173 1165 aspidas
1194 1085 1240 1145 ad
1257 1103 1330 1146 coe·

121 1197 197 1264 luas,
220 1198 252 1254 et
269 1200 398 1266 terram,
421 1204 453 1256 et
474 1193 521 1261 ud
538 1196 654 1266 omnio,
676 1212 758 1279 quus
777 1195 812 1254 in
834 1195 881 1254 eis
898 1198 992 1254 sunt:
1014 1198 1046 1253 et
1062 1191 1234 1269 intelliyas,
1254 1194 1331 1272 qaia

121 1317 169 1360 ezr
195 1299 308 1372 nihilo,
338 1295 371 1371 ἐξ
399 1294 454 1360 οὐκ
481 1288 596 1375 ὄντῶν,
619 1300 705 1377 feeit
729 1296 786 1358 etta
814 1298 902 1359 Deus
935 1297 979 1376 ¹).
1002 1293 1092 1372 Quae
1127 1313 1206 1358 sane
1228 1294 1332 1358 verba

123 1401 360 1485 pulcherrimus
383 1402 557 1466 verborum
579 1400 801 1466 Mosaicorum
833 1412 908 1465 sunt
929 1399 1190 1465 commentarius.
1222 1397 1328 1464 Porro

122 1507 156 1568 in
176 1504 311 1591 reliquis
331 1506 370 1569 Α.
393 1505 435 1568 Τ.
457 1503 549 1569 libris
570 1504 602 1568 id
623 1504 728 1590 ipsum
751 1503 867 1590 ubique
890 1503 1049 1588 recurrit,
1072 1516 1105 1570 et
1126 1505 1253 1591 quidem
1275 1504 1329 1577 ita,

122 1621 160 1674 ut
180 1609 305 1675 creatio
327 1621 476 1698 tanquam
497 1610 583 1675 actio
611 1621 703 1675 certo
736 1609 842 1674 divina
864 1609 1087 1686 describatur,
1120 1622 1152 1674 et
1173 1630 1233 1675 ceu
1254 1620 1331 1673 nota

122 1714 391 1781 characteristica
413 1716 476 1780 Dei
497 1715 566 1780 veri
596 1715 738 1780 sistatur.
779 1718 910 1778 Verbo
932 1718 1122 1790 Domini,
1154 1715 1199 1779 ait
1219 1715 1329 1780 Psal-

95 1848 97 1853 ·
122 1826 257 1894 mista,
279 1825 357 1885 coela·
375 1825 495 1903 flmoti
515 1829 607 1885 sunt:
636 1829 677 1883 et
695 1825 848 1902 spiritu
869 1825 954 1884 oris
976 1828 1016 1901 ej
1026 1843 1073 1885 us
1095 1825 1227 1885 omnis
1248 1828 1330 1883 vir·

122 1938 355 1992 tuscorum.
379 1965 417 1977 -
452 1925 653 2002 Quoniam
681 1935 786 2007 ipse
818 1927 972 1998 discit,
1002 1932 1041 1987 et
1063 1929 1180 2005 faeta
1208 1934 1329 1990 sunt:

121 2038 213 2114 ipss
234 2034 454 2113 mundavit,
477 2041 514 2095 et
534 2040 680 2095 ereata
701 2039 801 2095 sunt
820 2029 857 2115 ²).
880 2029 925 2093 Et
945 2029 1080 2094 iterum:
1106 2031 1183 2107 Oui
1206 2030 1330 2116 (Deus)

116 2144 222 2220 feeit
241 2139 409 2213 eoelum,
432 2146 472 2202 et
491 2150 654 2210 terram,
676 2145 717 2200 et
735 2144 879 2210 omnia,
903 2157 1006 2215 quae
1027 2141 1070 2199 in
1091 2142 1154 2200 eis
1175 2143 1272 2200 sunt
1289 2135 1328 2217 ⁸).

122 2244 249 2328 Atque:
273 2248 414 2308 omnia
435 2264 710 2326 quaeeunque
740 2247 896 2315 votuit,
924 2242 1131 2306 Dominus
1153 2248 1267 2324 feeit
1290 2247 1331 2306 in

123 2351 261 2424 coelo,
292 2354 336 2410 in
364 2357 528 2422 terro,
559 2354 605 2412 in
634 2352 740 2411 mari
770 2351 873 2417 etin
895 2352 1081 2429 omatibus
1102 2349 1269 2427 odyssia
1290 2345 1329 2430 ⁴).

123 2457 223 2517 Porro
252 2451 400 2517 isaias:
438 2455 561 2519 Leonte
590 2458 624 2516 iu
657 2459 818 2516 excelsum
848 2451 958 2515 oculos
988 2464 1133 2526 vestros,
1167 2461 1200 2528 et
1228 2452 1330 2514 uidete

123 2565 216 2644 quis
238 2563 432 2623 creavit
460 2561 582 2621 doec:
611 2562 680 2641 qui
710 2559 858 2620 educit
885 2561 927 2619 in
948 2576 1120 2620 raumara
1141 2561 1330 2621 militiam

88 2675 94 2698 ²
123 2686 278 2740 aarum,
301 2673 341 2728 et
360 2655 493 2726 o'mues
515 2685 568 2727 ea*
588 2669 749 2727 nomine
774 2670 913 2726 vocnt:
943 2682 1049 2743 prae
1070 2663 1330 2759 multitudiue

119 2770 409 2845 fortitudinis,
432 2772 670 2850 stratoris,
709 2772 1036 2850 virtutisque
1057 2772 1165 2844 ejus,
1193 2787 1330 2849 usque
1424 2761 1425 2764 '

123 2892 247 2936 unum
279 2875 483 2952 reliquum
507 2877 596 2954 fuit
623 2874 661 2956 ⁶).
690 2871 750 2935 nt:
782 2871 872 2934 Haec
903 2873 978 2934 dicit
996 2873 1154 2935 Dominus
1173 2873 1331 2934 redemtor

124 2990 211 3060 tuus,
232 2986 263 3040 et
278 2983 441 3058 formator
461 2990 536 3042 tuus
558 2999 602 3042 es
622 2985 731 3041 utun:
763 2985 834 3057 Euo
864 2997 937 3041 suns
967 2982 1131 3048 Dominus,
1149 2982 1330 3058 faciens

125 3074 273 3158 o‘mm'a,
296 3085 529 3148 osteudens
552 3084 693 3144 coelos
715 3084 855 3161 solus,
886 3083 1128 3143 stabiliens
1161 3087 1329 3160 terrane,

115 3196 155 3251 'et
172 3190 284 3252 nullus
304 3209 425 3251 mecum
445 3187 484 3272 ο).
505 3185 732 3251 deremias:
759 3185 838 3262 Qui
863 3188 977 3260 facit
997 3198 1152 3249 terram
1174 3189 1217 3247 in
1235 3189 1328 3266 'sor-

125 3294 309 3356 liluds'ne
329 3313 427 3374 suo,
460 3300 490 3355 et
512 3297 684 3375 prudentia
712 3292 859 3354 extendit
884 3293 987 3354 coelos
1017 3297 1055 3362 ⁷).
1084 3288 1329 3354 Nehemias:

127 3403 177 3461 l'u
197 3402 302 3479 ipse,
323 3402 510 3470 nomine,
532 3400 658 3461 solus
680 3405 723 3460 tu
740 3400 897 3477 fecisti
916 3400 1090 3469 coelunt,
1112 3403 1150 3458 et
1169 3396 1327 3458 coelum

126 3504 350 3577 coelorum,
379 3510 418 3565 at
448 3523 596 3566 omnem
625 3507 861 3567 coercitum
890 3522 1050 3564 eorum:
1079 3513 1255 3581 terram,
1287 3507 1328 3561 et

125 3613 336 3690 uniuersa,
358 3630 462 3691 quae
482 3614 521 3672 iu
542 3631 590 3672 ea
610 3615 726 3671 sunt:
747 3613 892 3689 marta,
915 3615 958 3670 et
977 3610 1133 3681 omniu,
1156 3627 1266 3690 quaa
1286 3609 1328 3667 in

125 3720 192 3777 eis
223 3720 340 3777 suut:
371 3724 411 3776 et
441 3726 475 3778 tu
508 3718 648 3796 vivificus
678 3719 783 3777 omnia
814 3719 891 3777 daeo
901 3758 914 3794 ,
938 3720 970 3774 et
999 3716 1161 3777 exaratus
1190 3712 1268 3775 cosli
1298 3723 1328 3774 ts

130 3896 396 3916 m

157 4017 182 4078 ¹)
199 4015 228 4066 2.
244 4010 377 4064 Machala.
395 4013 422 4071 7,
439 4011 483 4062 26.
502 4030 504 4034 ⁴

155 4107 182 4167 ²)
200 4104 251 4158 l’s.
267 4103 311 4164 32,
328 4103 407 4153 6-9.

155 4185 180 4258 ³)
197 4193 250 4245 rs.
269 4193 328 4252 us,
345 4194 372 4243 o.

155 4280 182 4348 ⁴)
199 4283 249 4335 l’s.
267 4281 326 4344 1311,
343 4282 370 4333 d.
389 4279 432 4334 ci.
450 4282 498 4334 Pa.
517 4277 575 4336 101,
592 4279 634 4329 26.
654 4278 755 4339 12118.
775 4277 834 4337 113,
856 4278 899 4329 15.

154 4367 355 4434 &mmm

155 4455 183 4522 ⁶)
201 4461 242 4515 la.
260 4462 303 4523 11,
320 4462 362 4512 21.
380 4461 423 4514 ct.
440 4463 483 4524 37,
503 4460 545 4510 16.
563 4458 605 4519 16,
621 4459 698 4508 6-7.
718 4456 928 4517 12161613.
947 4457 990 4515 51,
1006 4455 1046 4504 16.
1063 4454 1106 4516 66,
1124 4453 1151 4503 2.
1169 4449 1237 4504 Mal.
1257 4450 1327 4512 216

154 4546 179 4618 ⁷)
199 4550 262 4604 dar.
282 4552 325 4613 16,
344 4550 384 4601 12.
403 4548 449 4604 ct.
467 4551 511 4613 62,
530 4551 571 4600 12.
