2926 5168
201 231 263 301 11⁶

197 381 447 462 iastrius1),
471 392 504 444 et
524 382 711 446 Isidorus
735 390 773 457 2),
797 383 907 467 cisque
929 381 1086 446 resistunt
1107 394 1202 469 atque
1234 382 1311 448 illos
1342 382 1411 448 uni·

197 506 315 551 versas
330 485 501 552 Ecclesiae
519 486 721 560 denuntiant;
745 487 804 551 sad

277 591 310 658 h.
333 591 506 656 veritatem
529 591 745 656 orthodoxam
766 602 918 677 tanquam
947 593 1050 658 solam
1075 593 1193 659 rationi
1228 604 1262 657 ct
1283 592 1411 657 revela·

195 695 274 760 tioni
296 716 471 761 consonam
493 708 685 782 proponunt,
712 718 846 782 eamque
867 717 931 762 una
951 697 1051 763 variis
1071 697 1253 763 rationibus
1279 698 1413 762 demon·

195 812 302 866 strarc
317 813 483 869 conantur.
494 801 602 868 Sicait
616 803 839 868 irenaeus:
854 806 943 866 Deus
959 807 1145 885 simplex
1159 811 1192 866 et
1209 826 1290 869 non
1307 826 1409 867 carm

190 909 1415 990 positum—lotuscumsit—spiritusct—-lotaratic⁸).·—-

195 1011 430 1100 Origenes:
452 1022 535 1078 Non
555 1037 630 1095 erqo
646 1023 704 1078 aat
722 1036 869 1096 corpus
890 1017 1072 1098 aliquod,
1094 1023 1153 1078 ant
1170 1023 1212 1079 in
1233 1034 1411 1095 corpore

193 1138 289 1181 assa
314 1122 524 1200 putandas
555 1129 618 1184 cst
650 1124 781 1195 Deua,
810 1124 871 1183 aed
900 1121 1221 1184 intellectualis
1248 1127 1414 1183 natura

191 1226 384 1306 simplex,
405 1228 520 1288 ninii
538 1232 691 1290 omnino
713 1232 754 1289 in
773 1248 815 1289 sc
835 1230 1144 1305 conjunctionis
1166 1229 1414 1290 admittens:

191 1333 239 1391 uti
259 1350 302 1392 ne
322 1333 428 1408 majus
456 1332 580 1414 aliquid
598 1339 630 1394 ct
653 1335 797 1412 inferius
822 1337 857 1393 in
886 1352 921 1393 aa
951 1332 1070 1393 labere
1092 1333 1267 1411 credatur,
1298 1333 1362 1392 scd
1379 1337 1416 1393 at

190 1439 235 1496 sit
254 1456 298 1498 ea
319 1441 404 1497 omni
422 1442 517 1514 parte
536 1432 642 1517 porcia,
661 1444 694 1499 ct
712 1447 750 1499 ut
769 1441 816 1499 ita
838 1441 953 1516 dicam,
975 1431 1062 1516 incia,
1084 1442 1115 1496 ct
1134 1457 1235 1506 mm,
1258 1457 1301 1498 aa
1318 1440 1412 1518 fona,

196 1560 241 1602 ea
271 1561 333 1620 quo
364 1545 489 1603 initium
516 1547 610 1604 totins
639 1540 866 1603 intellectualia
891 1552 1051 1615 namrae,
1080 1542 1133 1603 uel
1156 1545 1273 1603 manda
1298 1549 1352 1604 cst
1371 1548 1412 1615 ⁴).

196 1644 498 1732 -Gregorius
519 1644 614 1708 Nan.
630 1647 697 1709 An
718 1666 867 1722 corpas
889 1665 975 1708 cum
996 1647 1144 1708 dicas?
1161 1645 1313 1720 Quonam
1335 1666 1411 1723 erqo

196 1753 288 1813 modo
318 1757 510 1832 immensas,
532 1755 676 1833 inlinitur
681 1796 694 1831 ,
712 1755 840 1832 liparae
862 1771 982 1832 cupere
1004 1757 1067 1825 cat,
1100 1773 1138 1812 ac
1158 1753 1299 1833 dariique
1321 1754 1410 1830 ejas·

196 1858 281 1918 modi
291 1904 300 1930 ,
332 1863 370 1918 ut
387 1877 447 1919 nec
468 1860 577 1934 tanqi,
599 1877 661 1918 nec
682 1857 783 1918 oculis
804 1862 892 1916 cerni
913 1857 1035 1937 queat?
1055 1856 1104 1918 An
1127 1861 1208 1919 itaer
1229 1874 1359 1938 quoquc
1377 1858 1412 1917 ia

197 1981 332 2039 corpora
346 1962 540 2023 sadontr-
553 1961 642 2035 Quid
653 1965 735 2022 enim
749 1965 860 2041 afferri
872 1966 986 2040 potest,
1009 1980 1068 2022 car
1078 1951 1202 2022 colatur
1216 1967 1317 2042 atque
1339 1968 1412 2022 ado·

197 2074 296 2140 retur,
318 2072 349 2128 si
369 2071 626 2146 circumscriptus
647 2066 719 2128 est?
740 2072 798 2126 aut
816 2066 893 2143 quid
911 2084 1031 2127 causae
1046 2085 1119 2127 esse
1139 2061 1303 2139 diam,
1337 2070 1413 2146 quia

197 2192 242 2234 ca
262 2174 426 2234 dnncnds
446 2175 602 2254 conflatas
622 2177 685 2250 sit,
718 2181 815 2252 atquc
841 2175 875 2232 in
897 2171 1007 2231 eadem
1029 2175 1132 2231 denuc
1153 2171 1344 2249 redigatur,
1376 2191 1413 2232 ac

195 2296 335 2356 prorsus
354 2278 514 2341 intereat?
543 2276 734 2356 Compositio
762 2278 877 2356 qnippe
902 2294 1032 2354 pnqnac
1058 2277 1185 2336 initium
1214 2281 1280 2345 eat,
1303 2295 1412 2354 papiu

198 2390 303 2445 autam
333 2385 478 2457 dissidii,
508 2384 676 2444 dissidium
712 2382 900 2459 solutionis,
930 2381 1047 2443 solutio
1075 2399 1172 2457 porro
1200 2381 1294 2442 calio
1323 2388 1413 2443 modo

198 2493 233 2550 in
253 2490 360 2550 Deum
380 2508 420 2549 ac
437 2491 575 2567 primam
595 2487 682 2548 illam
702 2492 851 2547 naturam
872 2486 966 2546 cadit.
992 2484 1154 2558 Quocirca
1172 2486 1301 2548 nauum
1323 2487 1411 2549 dissi

198 2595 285 2654 dium
314 2592 541 2654 admittendum
568 2601 637 2663 cst,
665 2610 707 2653 nc
735 2591 850 2652 solutio
879 2597 1112 2671 consequatur:
1132 2611 1192 2654 nec
1216 2611 1356 2671 paqna,
1375 2609 1413 2652 nc

199 2698 367 2760 desidium
389 2699 532 2758 oriatur:
560 2715 619 2757 nec
639 2697 837 2770 compositio,
868 2713 909 2754 nc
927 2712 1037 2772 puqna
1058 2697 1188 2756 enisiat.
1209 2693 1262 2756 Ac
1279 2696 1413 2773 proinde

200 2816 249 2867 ne
270 2823 416 2882 corpus
437 2802 594 2883 quidem
615 2804 696 2877 est,
720 2817 761 2859 ne
782 2798 901 2879 alioqui
923 2802 1125 2876 compositum
1153 2798 1317 2879 quoddam
1346 2819 1412 2862 aaa

200 2928 271 2972 esse
291 2928 423 2971 neccsse
443 2911 488 2969 sit
509 2903 547 2991 5).
569 2939 609 2952 -—
640 2898 829 2984 cyrillus
862 2899 979 2964 Alex.
1009 2903 1100 2963 Deus
1131 2922 1256 2964 amnem
1284 2911 1410 2967 creata·

200 3035 272 3076 ram
289 3015 424 3082 occant,
446 3030 573 3092 nequa
596 3028 739 3087 corpas
755 3016 827 3079 est,
849 3027 977 3088 neque
993 3010 1148 3086 sipara
1164 3011 1260 3071 eiua
1277 3014 1410 3090 forma

201 3123 388 3200 corporis
418 3120 681 3192 continetur,
713 3133 783 3174 curn
815 3115 858 3174 sit
890 3113 1100 3191 simplem,
1133 3117 1350 3178 materiae
1379 3119 1410 3176 cl

197 3230 366 3303 formae
389 3242 563 3300 cupere:
582 3238 709 3300 neque
729 3219 979 3297 compositus
999 3236 1043 3277 ec
1061 3222 1217 3294 partitas,
1240 3224 1297 3282 asi
1317 3239 1407 3285 meat·

204 3335 283 3412 tras,
305 3336 344 3392 ui
361 3350 432 3402 nos,
454 3332 615 3397 constans,
637 3328 699 3384 imo
720 3324 925 3402 Spiritus,
947 3327 1123 3384 secundum
1144 3326 1336 3402 Scripturas
1341 3348 1358 3407 ,-
1385 3332 1408 3387 rt

169 3458 173 3473 ¹
204 3440 309 3499 omnia
326 3439 464 3507 intuens,
480 3434 582 3495 ubivis
598 3432 755 3508 earisteus,
777 3430 945 3507 omniaque
958 3426 1106 3507 implens,
1129 3432 1160 3488 el
1181 3449 1202 3489 a
1222 3430 1318 3493 nullo
1342 3438 1409 3494 atr·

205 3564 273 3606 ens.
302 3543 418 3621 Implet
447 3542 531 3601 enim
552 3535 673 3598 coelum
694 3539 725 3596 ct
745 3543 865 3595 terram
887 3531 923 3613 ⁶).
945 3528 988 3593 itt
1005 3526 1096 3596 alibi:
1121 3531 1213 3608 Quo,
1248 3531 1306 3608 ait,
1325 3538 1413 3615 pacto

204 3653 303 3727 iqitur
322 3646 422 3710 Pater
437 3642 480 3730 (si
501 3659 544 3706 ex
561 3635 702 3705 essentia
721 3644 753 3700 et
771 3635 968 3722 cogitatione
984 3635 1186 3719 compositus
1208 3635 1277 3722 ost)
1302 3657 1418 3704 aenae·

202 3815 447 3836 m

240 3908 263 3971 ι)
282 3902 610 3960 vermicularum.
628 3892 659 3949 in
678 3889 849 3950 Galloni.
868 3892 937 3947 stit
955 3892 1011 3951 PP.
1029 3888 1063 3949 'li
1080 3892 1106 3949 i.
1124 3905 1151 3963 p.
1167 3891 1227 3950 isti.
1247 3908 1273 3951 c,
1292 3897 1317 3953 ι.

239 3991 263 4061 ²)
284 3999 387 4057 Oripin.
407 3998 424 4045 t.
442 3996 470 4044 8.
489 4004 515 4044 c.
532 3995 560 4041 d.
579 3988 649 4055 Opp.
664 4001 687 4054 p.
704 3989 748 4038 65.
767 4002 791 4038 c.
809 3989 834 4037 2.
853 3979 886 4036 H.

239 4077 264 4152 ³)
284 4090 349 4138 Aac.
365 4089 440 4136 naen
459 4089 479 4134 ι.
494 4087 522 4134 a.
541 4097 565 4131 s.
586 4083 633 4130 aa.
651 4094 679 4130 n.
698 4080 726 4129 a.
744 4090 771 4143 p.
794 4077 850 4127 tao.
866 4084 891 4126 c.
911 4076 937 4125 a
958 4067 1000 4128 ct.
1017 4091 1044 4127 s.
1067 4073 1116 4128 rr.
1132 4093 1159 4129 n.
1180 4081 1206 4130 r.
1224 4086 1254 4145 p.
1273 4079 1335 4132 rao.
1352 4090 1376 4132 ο.
1412 4068 1455 4121 ι.

207 4191 233 4229 s.
250 4160 300 4229 aa.
318 4192 344 4228 n.
363 4179 392 4225 c.
410 4187 437 4238 p.
454 4173 513 4223 157.
529 4182 554 4221 c.
570 4170 595 4219 a.
611 4174 630 4220 ι.
645 4169 674 4220 a.
692 4182 716 4218 ο.
739 4169 788 4217 11.
806 4180 834 4216 m
853 4168 880 4216 s.
898 4178 925 4231 p.
939 4163 1001 4217 aaa.
1019 4177 1044 4216 a.
1060 4167 1085 4217 ι.

240 4263 267 4331 i)
284 4269 326 4316 De
342 4265 429 4322 princ.
447 4267 466 4312 t.
488 4264 514 4311 t.
532 4274 558 4311 c.
574 4261 601 4309 i.
615 4273 642 4311 n.
659 4261 686 4310 6.
706 4250 777 4321 opp.
793 4249 826 4304 T.
841 4254 866 4306 t.
881 4265 906 4317 p.
922 4253 965 4304 at.
985 4264 1009 4306 c.
1028 4255 1053 4304 l.
1071 4255 1107 4306 Ι).
1125 4249 1160 4309 lt.
1183 4252 1225 4310 Gi.
1250 4260 1331 4313 cont.
1350 4245 1455 4313 cett

207 4357 227 4407 1.
246 4359 274 4407 6.
292 4370 318 4406 a.
338 4357 387 4405 69.
406 4351 440 4403 Τ.
458 4352 481 4401 1.
496 4362 524 4414 p.
540 4348 598 4398 685.
615 4346 649 4397 Α.
667 4350 696 4396 et
712 4344 749 4395 al.
765 4355 846 4409 pass.

241 4440 267 4507 5)
285 4446 328 4495 tir.
348 4446 400 4496 34.
419 4439 490 4507 Opq.
508 4439 541 4490 Τ.
560 4441 585 4491 t.
603 4451 629 4488 c.
647 4435 707 4497 ⁸177,
724 4435 757 4487 B.
775 4448 798 4486 s.

242 4526 266 4599 ⁶)
284 4535 371 4594 Epist.
388 4535 425 4584 od
442 4533 563 4591 colatur.
582 4527 652 4594 Opp.
677 4526 709 4577 Τ.
730 4528 756 4578 6.
773 4525 806 4578 Ρ.
822 4526 847 4578 2.
868 4536 896 4591 ρ.
920 4522 980 4579 toi,
994 4522 1028 4578 ὓ.
1047 4520 1080 4584 Ε.
1099 4522 1143 4582 Gi.
1161 4527 1229 4585 Adit·
1248 4519 1455 4594 ratmunt*

209 4619 399 4693 mmmm
