2926 5168
120 379 183 445 bus
214 398 374 462 expresse
406 376 521 452 tradit,
556 376 714 463 Spiritum
744 378 779 441 S.
809 396 829 441 a
860 375 959 441 Patre
979 396 1040 461 per
1060 374 1175 441 Filium
1196 375 1331 462 produci

120 484 172 549 vei
195 484 385 570 procedere.
408 484 466 549 sic
480 485 520 548 ab
541 484 612 568 ipso
634 482 749 547 dicitur
772 481 871 546 Pater
905 482 1005 546 Verbi
1031 486 1178 563 miter,
1206 505 1246 546 ao
1272 504 1332 560 per

126 590 307 654 Verbum
327 594 565 670 manifestantis
594 590 737 668 §piritm
763 589 952 666 productum
981 598 1015 651 et
1041 590 1231 669 Spiritus
1254 591 1333 653 Filii

121 718 246 781 quoque
266 702 422 779 spiritus,
442 717 508 760 non
528 701 614 759 velat
632 717 682 758 en
702 690 814 774 ipso,
836 696 911 755 aad
928 713 1007 774 par
1024 697 1163 774 ipsum
1191 715 1234 756 en
1262 700 1330 759 Pa·

120 809 169 865 tre
187 803 365 880 procedens
388 806 426 882 ¹).
449 801 556 886 Atque
574 799 662 864 aiibi:
685 803 824 880 Spiritus
844 797 892 878 8.,
925 797 1053 872 niteat
1077 819 1121 862 sn
1136 804 1251 880 Patro,
1281 803 1330 860 si·

121 890 250 990 quidum
269 928 344 986 per
373 910 533 970 Filium
562 914 599 969 et
632 907 806 968 Verbum
835 905 1091 982 procedens,
1124 923 1191 966 oon
1222 911 1330 967 tamen

118 1011 378 1093 filiationis
405 1014 517 1074 modo
538 1011 574 1095 ²).
597 1009 642 1073 Et
662 1009 799 1073 iterum:
820 1011 971 1088 Spiritus
987 1008 1022 1071 8.
1051 1011 1241 1087 Spiritus
1269 1018 1335 1071 est

123 1116 256 1196 Filii,
277 1117 338 1178 sed
356 1134 420 1179 non
441 1122 491 1178 est
510 1136 561 1178 ea·
581 1116 706 1177 Filio.
728 1113 794 1176 Est
813 1096 919 1175 tantan
934 1120 979 1176 ad
996 1113 1127 1194 mona,
1150 1118 1227 1196 patin
1247 1135 1332 1178 ema·

122 1228 180 1284 nai
197 1241 274 1299 per
294 1221 417 1282 illum
438 1230 477 1283 st
496 1241 548 1282 etc
568 1221 655 1283 mo.
677 1218 794 1282 dinen
814 1228 864 1280 eat
893 1237 948 1280 sn
975 1219 1104 1290 nitio,
1133 1224 1209 1299 puin
1236 1224 1334 1282 Pater

125 1345 192 1389 nna
213 1332 264 1388 est
284 1346 401 1401 causo,
423 1332 488 1388 tum
500 1326 599 1396 Filii,
622 1331 686 1387 tum
700 1325 840 1403 Spiritm
855 1328 897 1396 8.,
919 1326 1086 1405 uniusque
1106 1331 1152 1384 'ecc
1173 1343 1275 1406 aequo
1295 1329 1331 1402 ³).

176 1548 201 1631 ξ.
228 1545 292 1615 tu.
314 1543 494 1617 Relatio
515 1558 821 1717 personorpam
842 1540 1102 1614 divinarum
1123 1544 1183 1616 ad
1203 1557 1284 1614 res

631 1663 739 1718 crea
788 1663 821 1718 s.

206 1861 257 1924 ΑΙ)
276 1859 403 1924 interna
420 1856 516 1922 trium
533 1857 713 1922 divinarum
730 1878 943 1943 personarum
959 1858 999 1921 ad
1015 1857 1154 1922 invicem
1171 1857 1327 1922 relatione

123 1985 250 2049 quoque
273 1964 387 2028 modus
409 1962 535 2027 divinae
566 1961 732 2027 efficaciae
762 1964 802 2027 ad
837 1974 932 2028 extra
961 1964 1090 2048 pendet.
1128 1962 1202 2027 Non
1224 1973 1334 2047 potest

123 2069 207 2133 enim
229 2070 322 2134 Deus
344 2067 377 2131 in
392 2068 542 2132 mundum
558 2087 669 2154 agere,
693 2067 754 2132 nisi
777 2078 914 2132 naturae
934 2088 1012 2132 suae
1026 2067 1275 2142 convenientem
1300 2078 1334 2130 et

120 2173 196 2238 hinc
215 2171 348 2259 quaevis
369 2192 510 2257 persona
531 2171 654 2246 divina,
676 2171 754 2237 licet
771 2192 872 2256 opera
887 2171 996 2237 divina
1014 2174 1054 2237 ad
1081 2183 1178 2237 extra
1202 2171 1266 2237 sint
1286 2173 1332 2237 in·

122 2278 246 2352 divisa,
269 2278 365 2341 modo
388 2274 511 2358 ἰδιότητι
533 2297 611 2341 suae
634 2297 780 2363 congruo
802 2275 922 2342 efficax
944 2276 1006 2352 sit,
1028 2297 1087 2342 seu
1109 2279 1149 2341 ad
1176 2277 1230 2342 iiia
1259 2298 1327 2343 oon

122 2395 233 2449 currat
253 2401 392 2447 necesse
409 2392 470 2445 est
492 2380 652 2460 Quoniam
681 2402 763 2468 ergo
786 2381 886 2445 Pater
910 2392 963 2445 est
978 2380 1179 2467 ‘principium
1201 2381 1273 2447 Filii
1295 2403 1332 2448 ao

123 2488 265 2575 Spiritus
283 2488 327 2563 8.,
350 2487 421 2573 ipse
444 2498 552 2552 autem
568 2485 638 2551 sine
652 2485 808 2576 principio
826 2498 896 2551 ost:
917 2486 1017 2550 Pater
1030 2508 1157 2573 quoque
1172 2494 1276 2553 relate
1293 2491 1333 2554 ad

122 2593 274 2657 mundum
302 2591 494 2676 principium
526 2591 678 2673 primum,
700 2590 816 2672 ἡαίτια
831 2589 1051 2674 προκαταρτικὴ
1077 2591 1212 2670 dicitur,
1235 2606 1331 2679 atque

123 2699 154 2763 ei
175 2695 280 2782 prima
302 2696 457 2784 cogitatio
480 2697 689 2769 acvoiuntas,
702 2716 760 2761 sou
775 2694 944 2761 eonsilium
969 2698 1122 2761 mundum
1144 2699 1330 2785 omniaque,

124 2800 259 2890 quaein
289 2823 328 2865 uo
355 2801 470 2865 dantur
496 2821 534 2866 ae
552 2800 652 2876 fiunt,
675 2800 872 2885 procreandi
897 2802 1112 2878 adscribitur,
1146 2825 1208 2889 quo
1231 2825 1331 2870 sensu

123 2906 220 2972 etiam
242 2904 380 2970 Creator
397 2905 541 2971 universi
562 2903 626 2968 κατ’
641 2905 743 2990 ἐξοχήν
751 2952 764 2990 ,
788 2927 847 2970 seu
868 2903 943 2989 ἀρχὴ
959 2913 1017 2969 τῶ)
1039 2901 1131 2972 ὄντων
1146 2912 1200 2975 vel
1216 2909 1334 2975 πάντων

122 3010 368 3100 cognominatur
390 3012 430 3095 4).
454 3012 561 3078 Porro
577 3033 620 3077 ex
635 3013 748 3077 eadem
770 3033 870 3078 eausa
892 3033 1017 3099 quoque
1035 3015 1133 3081 Pater
1146 3017 1331 3083 immediate

122 3119 163 3183 ad
186 3128 355 3182 extranon
376 3117 464 3206 agit,
486 3118 545 3183 sed
562 3140 621 3203 per
635 3117 751 3183 Filium
766 3129 859 3183 creat
877 3139 914 3184 ae
929 3119 1075 3199 redimit,
1098 3134 1194 3209 atque
1210 3124 1243 3191 in
1262 3125 1333 3211 spi-

120 3223 185 3289 ritu
199 3224 234 3287 8.
256 3243 316 3308 per
330 3221 447 3286 Filium
462 3233 518 3286 aut
534 3243 607 3288 cum
621 3222 703 3289 Filio
723 3223 957 3290 sanctificatae
974 3246 1085 3292 secum
1102 3228 1189 3300 uuit;
1211 3243 1245 3296 et
1259 3231 1333 3298 hine

121 3327 152 3418 ei
173 3348 253 3414 prae
269 3327 350 3392 Filio
369 3339 404 3391 et
423 3327 546 3411 Spiritu
563 3329 598 3392 8.
624 3327 748 3414 quasia}
765 3327 896 3414 ἀορασία
908 3330 1091 3397 attribuitur
1113 3334 1150 3417 Ι).

154 3602 181 3672 ²)
199 3611 242 3659 De
258 3610 303 3666 fid.
322 3612 388 3659 ortt.
406 3612 425 3661 Ι.
451 3613 472 3660 t.
492 3623 518 3662 c·
539 3613 588 3662 12.
607 3607 677 3676 Opp.
697 3611 730 3661 Τ.
750 3612 774 3662 1.
794 3624 819 3675 p.
839 3611 895 3662 tus.

138 3695 179 3772 ¹²)
198 3699 287 3757 Epist.
305 3700 347 3749 De
365 3702 454 3760 tyno.
474 3701 579 3760 nunu·
597 3715 625 3752 n.
645 3702 696 3753 28.
709 3698 750 3751 ΙΙ).
767 3714 795 3765 p.
814 3701 874 3753 tet.

157 3780 185 3850 3)
204 3789 325 3846 Eminuit.
345 3791 392 3847 M.
417 3805 444 3840 n.
463 3792 492 3841 2.
518 3788 559 3841 ΙΙ).
577 3803 604 3855 p.
620 3791 681 3844 339.
703 3789 1127 3850 e.2.D.Gi.Delid.ortt.1.
1147 3796 1219 3844 hc·
1239 3797 1335 3859 131).

122 3877 181 3928 151.
198 3872 231 3926 Β.
250 3876 325 3928 Gont.
345 3877 469 3928 Manioi.
487 3895 513 3930 n.
533 3881 562 3931 6.
580 3893 608 3945 p.
625 3879 685 3934 11³2.
704 3885 758 3932 eto.
774 3881 822 3930 Le
840 3878 975 3945 Quies.
993 3877 1021 3928 in
1040 3886 1099 3933 not.
1117 3880 1170 3931 ult.
1189 3880 1236 3935 ad.
1259 3899 1286 3935 ο.
1303 3885 1334 3935 8.

121 3969 140 4018 l.
160 3971 190 4018 1.
208 3967 313 4024 1121111.
331 3969 399 4018 ortt.
417 3981 446 4032 p.
466 3967 526 4022 191.

153 4051 180 4119 ⁴)
199 4054 242 4107 01.
262 4057 287 4107 1.
306 4054 376 4108 Cor.
394 4058 420 4115 8,
438 4056 462 4106 3.
481 4056 587 4122 Ephes.
605 4057 632 4120 Ι,
651 4060 676 4108 d.
695 4060 722 4121 3,
742 4058 903 4114 13911111).
921 4058 965 4119 23,
983 4058 1270 4122 3992292925,
1288 4063 1333 4116 31.

121 4145 186 4195 det.
205 4145 231 4206 1,
247 4148 273 4196 t.
293 4146 319 4197 1.
337 4143 403 4197 cor.
424 4147 449 4205 1,
470 4147 493 4197 1.
511 4147 537 4196 2.
557 4145 622 4198 cor.
642 4148 666 4207 1,
686 4150 709 4198 t.
729 4147 835 4214 Ephes.
855 4150 879 4210 1,
900 4150 924 4201 1.
944 4151 969 4209 1,
986 4148 1065 4202 2-9.
1081 4151 1160 4210 9,11.
1178 4146 1239 4202 uot.
1259 4152 1284 4213 1,
1307 4154 1333 4203 1.

122 4231 368 4293 1139111129.
395 4259 426 4271 -·
453 4233 567 4285 Basil.
590 4238 632 4286 De
658 4238 729 4295 sair.
757 4238 788 4290 8.
816 4237 1332 4307 o.1⁶.n37-38.0pp.1¹.³·p0

123 4323 154 4372 31
174 4336 251 4372 1).-
269 4322 432 4386 Gregor.
450 4323 555 4386 Nyss.
576 4327 616 4375 De
634 4328 713 4384 Boot.
732 4328 829 4378 Christ.
849 4327 918 4393 Opp.
937 4327 969 4378 Τ.
987 4328 1014 4381 2.
1033 4342 1061 4394 p.
1078 4328 1138 4379 8011.

153 4404 178 4471 ⁵)
198 4411 283 4463 Joan.
312 4415 335 4472 1,
364 4413 405 4463 ts.
434 4415 457 4462 1.
484 4413 570 4464 Joan.
594 4411 621 4472 t,
641 4415 683 4464 12.
701 4408 761 4464 Coi.
780 4416 804 4475 1,
825 4416 865 4464 ts.
886 4420 910 4467 1.
930 4417 1045 4479 Tim,
1064 4418 1104 4469 tu.
1124 4416 1168 4468 ct
1186 4417 1289 4468 ttattn.
1306 4420 1331 4478 5,

125 4501 167 4551 to.
186 4497 228 4550 ts.
247 4500 290 4552 us.
309 4502 334 4560 ⁷,
354 4502 395 4553 ιι.
414 4502 475 4552 tac.
497 4504 520 4564 1,
540 4503 580 4552 ι).
600 4528 633 4537 -
651 4502 892 4557 sustinone
910 4521 938 4556 ο.
959 4508 1051 4568 rma.
1070 4524 1096 4559 a.
1123 4509 1193 4558 aar.
1211 4505 1281 4571 opp.
1302 4520 1329 4571 p.

121 4589 181 4640 2³2.
198 4591 284 4648 Epist.
303 4594 340 4660 pd
356 4591 482 4650 Dioonet.
500 4607 528 4644 n.
550 4594 578 4643 1.
597 4603 624 4656 p.
641 4590 702 4644 299.
719 4615 753 4628 -·
770 4592 869 4644 iren.
896 4595 974 4648 Cant.
998 4599 1073 4647 liner·
1098 4600 1117 4646 t
1134 4597 1164 4648 ⁴.
1187 4610 1214 4646 e.
1234 4597 1284 4646 20.
1302 4613 1330 4649 κ.
